2958 5238
811 482 873 543 154

294 700 385 762 quem
421 678 440 741 l.
470 678 492 741 l.
528 677 698 743 Euctemon
729 686 886 742 accusator
916 682 974 761 est)
1007 685 1142 763 apparet.
1189 677 1327 742 Meierus
1356 684 1382 739 61

292 787 520 853 Schoemannus
560 791 626 853 Att.
667 789 754 853 Proc.
788 812 818 873 p.
853 792 915 851 351
946 796 1028 852 recte
1061 789 1210 853 coniiccre
1243 788 1381 852 videntur

291 901 470 982 ἀπογραφήν
496 902 530 964 in
553 908 704 965 oratorem
727 901 904 964 institutam
927 900 1039 977 baisse,
1064 898 1159 983 quara
1183 900 1297 962 melius
1314 899 1380 961 haec
1420 912 1421 915 ’

293 1010 390 1073 oratio
412 1011 564 1086 οὶπολογίοο
587 1012 655 1090 πρὸς
678 1012 860 1091 οέπογρκφην
884 1009 1047 1074 diceretur.
1089 1011 1193 1092 Atque
1209 1010 1255 1073 sic
1273 1009 1381 1093 optimc

293 1141 356 1183 una
377 1119 411 1182 in
433 1142 525 1183 causa
548 1120 611 1184 duo
635 1120 780 1196 crimina,
807 1142 938 1204 quorum
962 1120 1077 1183 mentio
1100 1121 1151 1197 fit,
1175 1119 1341 1204 peculatus
1355 1125 1382 1180 et

293 1230 456 1309 δωροδοκίας
479 1231 709 1295 commemorari
732 1239 919 1315 potuerunt,
944 1239 981 1294 ut
998 1230 1211 1294 ostenderetur
1228 1230 1275 1293 rei
1290 1229 1380 1303 bona,

294 1360 372 1421 quae
404 1339 515 1424 partim
547 1362 583 1404 ex
607 1340 714 1417 donis,
740 1342 777 1405 ab
802 1341 944 1405 hostibus
968 1342 1121 1425 acceptis,
1146 1341 1262 1425 partim
1286 1363 1323 1403 ex
1344 1339 1382 1401 di·

292 1449 431 1532 reptioue
464 1450 572 1513 aerarii
603 1450 782 1526 fluxissent,
815 1457 881 1514 tota
909 1451 1025 1514 civitati
1049 1449 1165 1514 deberi.
1213 1449 1263 1513 Of.
1288 1451 1379 1533 §162

293 1562 422 1635 ἧνοῦμοοο
454 1561 529 1624 πολὺ
557 1558 594 1624 aba
623 1560 793 1640 δνκκνότεοον
817 1561 897 1637 ὑμᾶς
921 1560 976 1624 ὑπὸ
998 1567 1054 1624 τῶν
1076 1560 1204 1640 ζητητῶν
1231 1562 1379 1637 ἄπονον·

290 1678 399 1752 φῆνον
421 1673 463 1734 τοὶ
487 1670 548 1747 ἐμοὶ
572 1670 669 1750 ἔχειν,
696 1673 712 1745 ἢ
738 1672 790 1748 ἐμὲ
814 1670 871 1734 νννὶ
897 1671 1061 1735 κινδυνεύειν
1084 1673 1125 1742 ὡς
1148 1674 1206 1734 τοῦ
1228 1667 1380 1746 δημοσίου

290 1778 447 1860 χρήματ’
471 1778 602 1859 ἔχοντοο
627 1802 689 1863 quo
712 1780 780 1843 loco
803 1783 969 1862 οὲκονροοφη
993 1782 1118 1846 omniuo
1134 1802 1198 1844 non
1217 1784 1379 1845 memorata

291 1891 414 1966 fuisset,
442 1890 502 1953 nisi
527 1912 633 1953 revera
659 1891 806 1955 instituta
828 1892 948 1973 (contra
962 1890 1040 1954 Bak.
1057 1891 1078 1954 l.
1091 1891 1112 1954 l.
1130 1914 1160 1975 p.
1175 1892 1257 1967 253,
1272 1892 1330 1973 sq.)
1342 1923 1380 1935 —

292 2002 309 2084 b
342 2002 399 2061 al:
433 2000 491 2075 ἐγὼ
521 2000 545 2062 δ’
576 2001 654 2077 ὑμῶν
689 2000 789 2077 blanca
819 2038 864 2049 -
897 2004 940 2079 μη
971 2008 1158 2078 κοοτκννῶνονν
1189 1999 1379 2082 asportatae

295 2111 376 2187 ἐμοῦ.
400 2147 445 2158 -
465 2111 483 2193 b
501 2111 557 2172 22:
582 2111 736 2188 μκννοίμην
759 2111 818 2190 γὰρ
841 2110 878 2175 aba
899 2111 923 2174 εἷ
939 2148 984 2160 —-
1003 2110 1158 2190 rapitrabit
1177 2108 1279 2176 ἄλλων
1298 2113 1378 2187 δωρο-

294 2221 435 2295 δοκοίην.

341 2330 489 2394 Primaria
520 2354 590 2415 pars
622 2332 787 2409 orationis,
820 2355 882 2416 qua
913 2340 1126 2396 accusatorum
1150 2330 1282 2394 crimina
1304 2325 1378 2390 debi-

296 2442 439 2504 litaverat
462 2463 550 2520 reus,
575 2442 668 2506 hodie
692 2442 901 2520 desideratur;
929 2443 1010 2506 nihil
1034 2443 1116 2506 enim
1140 2442 1281 2505 continet
1304 2455 1377 2501 nunc

297 2573 389 2634 quam
414 2552 592 2614 meritorum
616 2553 649 2614 iu
673 2575 736 2615 rem
761 2552 917 2636 publicam
940 2552 1200 2637 praedicationem
1224 2573 1295 2615 cnm
1318 2566 1376 2631 poe·

276 2685 352 2744 ›nae
374 2662 589 2756 deprecatione
598 2690 607 2740 3
625 2665 829 2747 fragmentum
848 2673 913 2740 est,
932 2664 1072 2748 epilogus
1089 2663 1213 2727 maioris
1230 2654 1376 2725 orationis.

295 2772 377 2836 Nam
401 2773 566 2857 quominus
591 2772 711 2836 credam
736 2795 802 2836 esse
826 2770 940 2852 ὕστερον
962 2773 1051 2848 λόγον
1078 2772 1188 2855 (Meier
1211 2778 1241 2834 et
1264 2769 1374 2833 Schbm.

295 2907 325 2968 p.
360 2887 435 2967 711)
462 2883 608 2968 impedit,
633 2884 718 2966 quod
742 2907 812 2947 reus
836 2884 945 2947 merita
968 2885 1001 2947 in
1024 2883 1260 2967 rempublicam,
1286 2894 1376 2942 neces·

295 2994 405 3056 sanam
429 2994 491 3057 fere
515 3003 633 3078 partem
657 2995 809 3078 cuiusque
832 2994 1020 3057 defensionis
1043 2999 1275 3068 commemorat,
1293 3003 1374 3071 quam

296 3127 349 3167 our
384 3103 471 3166 alteri
508 3104 639 3167 orationi
669 3110 868 3180 reservasset,
902 3102 989 3166 nulla
1020 3102 1188 3187 probabilis
1221 3088 1375 3179 eucogiltri

296 3237 388 3278 cansa
411 3222 522 3298 potest.

341 3324 455 3389 Mutila
486 3325 582 3407 igitur
611 3324 709 3386 oratio
742 3330 813 3400 est,-
837 3323 889 3386 sed
915 3323 940 3385 si
963 3323 1029 3386 ulla
1053 3345 1090 3386 ex
1113 3322 1151 3384 iis
1176 3340 1255 3403 quae
1277 3311 1374 3397 Lysiae

296 3459 408 3500 nomen
438 3446 567 3520 gerunt,
600 3436 674 3498 haec
706 3435 852 3518 genuina.
901 3434 947 3497 De
982 3434 1074 3498 rebus
1106 3433 1164 3497 sub
1195 3433 1286 3495 finem
1312 3417 1374 3489 belli

296 3546 548 3633 Peloponnesiaci
570 3555 609 3608 >et
642 3545 761 3608 ratione
789 3543 986 3627 liturgiarum
1010 3565 1089 3626 quae
1113 3542 1251 3605 continet
1273 3535 1373 3622 optime

296 3659 484 3722 conveniunt
513 3679 583 3720 cum
613 3657 668 3732 iis,
702 3677 781 3737 quae
806 3652 932 3716 aliunde
955 3659 1030 3715 nota
1053 3659 1136 3715 sunt.
1174 3649 1279 3715 Veluti
1302 3635 1372 3727 quod

297 3770 335 3833 de
359 3769 556 3832 Archestrato
580 3773 626 3830 est
648 3767 665 3849 b
685 3768 722 3845 8,
741 3765 796 3847 qui
816 3763 985 3847 Mytilenae
1009 3762 1157 3826 cecidisse
1177 3762 1304 3832 dicitur,
1320 3746 1372 3814 1116

298 3885 360 3956 est,
379 3885 414 3941 ut
430 3878 492 3940 fere
509 3875 652 3959 suppleat
669 3895 747 3957 quae
765 3874 803 3937 de
823 3873 954 3937 ducibus
973 3873 1211 3937 Atheniensium
1232 3873 1263 3934 in
1275 3857 1372 3952 pugnis

297 3989 334 4053 ad
367 3987 538 4071 Mytilenen
571 3995 601 4048 61
630 3985 668 4047 ad
699 3984 869 4067 Arginusas
893 3984 1060 4047 interfectis
1085 4005 1102 4045 a
1126 3981 1324 4064 Xenophonte
1345 3971 1369 4028 11

298 4099 367 4164 aliis
391 4097 576 4184 produntur.
610 4176 613 4179 ¹

342 4209 518 4274 Secundum
550 4184 786 4291 Xenophontem
817 4205 899 4267 enim
928 4226 954 4266 a.
982 4205 1056 4279 407,
1088 4210 1158 4287 post
1191 4214 1319 4287 pugnam
1339 4183 1368 4247 ab

297 4321 452 4384 Antiocho
473 4317 642 4382 Alcibiadis
658 4318 759 4400 legato
774 4315 939 4378 infeliciter
959 4319 1077 4397 gestam
1098 4319 1241 4376 creantur
1261 4292 1367 4376 strategi

298 4431 423 4508 Conon,
445 4428 634 4506 Diomedon,
654 4426 758 4503 Leon,
778 4425 929 4501 Pericles,
951 4423 1146 4500 ErasinideS,
1165 4417 1366 4486 aristarcus,
