3002 5240
638 512 678 577 15

120 715 186 779 mile
208 714 285 801 quid
300 714 410 778 accidit
425 714 458 777 in
473 706 619 777 vocabulo
636 710 783 791 δημόσιος,
801 710 838 776 cf.
853 708 890 775 ad
902 733 945 775 or.
961 710 1012 775 30.
1047 706 1106 774 Per
1120 710 1194 774 haec

120 851 153 891 ex
186 824 384 912 ambiguitate
419 824 577 888 verborum
615 823 711 908 petita
749 806 926 908 argumenta
961 821 1086 885 obscure
1121 821 1194 886 alibi

121 962 237 1023 quoque
261 939 474 1014 ratiocinatur,
499 937 624 1013 vitium,
649 935 773 1020 opinor,
796 935 828 999 in
851 934 908 998 hac
924 934 1118 1019 simplicitate
1133 956 1195 997 ma·

121 1058 247 1134 gnopere
271 1048 447 1113 cavendum.
494 1046 543 1110 Sic
567 1048 599 1110 in
623 1047 759 1110 oratione
781 1049 849 1111 κοτ’
871 1046 1031 1126 Ἀροροὶτοο
1054 1046 1120 1129 (13)
1144 1044 1192 1108 de·

120 1150 347 1224 monstrandum
381 1166 445 1222 erat
479 1157 559 1238 τοὶορ
591 1158 681 1238 nigra
711 1157 760 1221 κοοὶ
790 1164 913 1238 μηχανῇ
943 1158 1109 1240 Agoratum
1141 1157 1155 1220 ε’
1162 1159 1194 1220 τ’

120 1273 260 1350 οὐτοφώ
267 1296 311 1352 ρῳ
339 1269 521 1354 prehensum
553 1291 633 1345 esse,
658 1267 742 1352 quod
765 1268 797 1331 ui
820 1268 920 1345 lieret,
944 1268 1002 1331 iste
1025 1264 1196 1330 absolveba-

119 1388 175 1445 tur.
210 1380 272 1444 Sed
294 1382 353 1444 hoc
375 1388 411 1444 ut
433 1380 580 1457 efficeret,
605 1401 665 1442 non
689 1384 809 1463 poterat
831 1400 893 1441 non
916 1378 977 1441 vim
993 1378 1082 1442 verbo
1098 1378 1194 1441 facere

119 1500 148 1555 et
169 1491 307 1556 subdolis
330 1497 362 1554 et
385 1490 520 1554 obscuris
544 1490 590 1552 uti
612 1488 781 1552 rationibus
805 1490 832 1573 (q
856 1490 918 1572 86).
954 1487 1019 1551 Has
1043 1488 1194 1551 auditores

120 1609 253 1667 autnon
277 1600 462 1664 intellecturi
484 1606 569 1662 erant
592 1605 727 1662 autnon
751 1597 918 1683 probaturi.
954 1597 1089 1662 Subinde
1104 1600 1195 1662 etiam

120 1713 204 1798 longe
235 1713 347 1797 repetit
378 1734 455 1795 quae
478 1709 687 1774 commendare
710 1732 793 1773 reum
803 1759 813 1788 ,
838 1720 891 1773 aut
913 1709 1034 1795 culpam
1057 1711 1121 1773 eius
1145 1732 1197 1774 au·

122 1847 185 1907 gere
217 1830 350 1909 possent.
397 1822 447 1886 Ita
469 1823 500 1885 in
525 1823 660 1885 oratione
683 1821 752 1886 κοτ’
775 1821 991 1902 Ἐρατοσθένους
1014 1824 1031 1906 q
1054 1823 1094 1884 63
1118 1818 1195 1885 The·

121 1934 286 2009 mlstocles‚
311 1934 343 1996 in
366 1933 590 1997 undevicesima
613 1932 662 2016 (de
685 1920 772 1996 bonis
797 1931 1022 2018 Aristophanis)
1044 1932 1061 2016 q
1082 1934 1124 1994 24
1147 1931 1196 1995 'li-

121 2046 275 2121 motheus,
308 2047 340 2108 in
371 2045 522 2108 tricesima
552 2042 779 2128 (Nicomaohea)
809 2042 889 2128 §28
913 2043 1045 2108 Pericles
1069 2052 1098 2107 et
1120 2042 1197 2107 The-

122 2156 269 2221 mistooles
300 2155 373 2218 satis
404 2161 544 2219 contorte
575 2176 682 2218 causae
705 2154 923 2218 immiscentur.
970 2152 1081 2218 Putide
1104 2162 1196 2239 atque

122 2287 239 2350 operose
272 2266 304 2328 iu
327 2266 464 2329 oratione
487 2265 525 2329 de
550 2265 639 2329 caede
662 2263 873 2327 Eratosthenis
896 2264 993 2348 legem
1015 2265 1116 2329 minus
1140 2266 1196 2330 sibi

122 2375 268 2440 faventem
280 2374 507 2460 interpretando
520 2368 692 2439 subuertere
704 2357 839 2438 donatur.
856 2375 894 2439 In
904 2376 1055 2459 Agoratea
1065 2378 1082 2461 p
1091 2378 1141 2453 89,
1151 2398 1195 2459 sq.

124 2487 175 2550 hoo
206 2490 289 2572 agit,
321 2496 357 2551 ut
387 2487 436 2550 lex
463 2487 500 2550 de
522 2487 671 2568 οὶροοηοτίρι
693 2486 771 2549 nihil
794 2486 832 2550 ad
856 2489 1024 2571 Aguratum
1048 2487 1196 2571 pertinere

124 2599 275 2676 rideatur3
307 2598 542 2675 iureiurando,
566 2599 685 2681 inquit,
710 2621 741 2661 se
765 2597 1038 2663 obstrinxerunt·oi
1062 2601 1090 2662 ἕο
1113 2596 1196 2662 ἄστει

126 2731 190 2794 erga
218 2710 412 2788 Piraeenses3
445 2709 496 2773 sed
529 2732 584 2793 ego
607 2711 639 2773 in
661 2709 768 2773 Piraeo
791 2732 871 2773 eram
895 2717 925 2774 et
947 2710 1055 2794 reliqui
1079 2732 1198 2774 accusa-

125 2825 198 2884 tores
222 2829 254 2885 ct
277 2822 430 2905 Agoratus
445 2822 510 2905 ipse
519 2846 527 2897 ;
546 2843 638 2905 quare
653 2820 740 2884 nullo
756 2820 896 2904 equidem
912 2828 1001 2906 pacto
1017 2822 1197 2884 constrictus

22 2952 26 2957 ’
126 2953 196 2995 sum.
238 2932 353 3016 Ecquis
384 2933 458 2996 hacc
488 2933 566 2996 serio
597 2933 779 3017 probaturus
803 2941 867 2996 erat
890 2940 955 2995 tum
979 2930 1197 2996 Atheniensis?

18 3096 19 3099 ,
125 3042 166 3106 Ac
188 3044 256 3108 vide
280 3044 371 3107 etiam
394 3040 486 3128 quam
509 3051 646 3106 contorte
670 3051 761 3128 atque
785 3042 912 3107 obscure
934 3044 967 3106 in
990 3045 1142 3127 prooemio
1159 3043 1198 3106 ad

85 3229 87 3232 p
126 3152 330 3218 duodecimam
353 3154 435 3218 dicat
457 3156 484 3238 (q
508 3156 549 3238 2).
573 3153 686 3217 Tacent
709 3154 770 3217 lere
793 3153 830 3217 de
853 3138 900 3217 his
922 3155 1119 3230 recentiores,
1136 3154 1199 3238 opi·

125 3285 191 3344 nor,
219 3265 303 3350 quod
325 3266 357 3329 in
381 3266 506 3350 reliquis
530 3287 653 3350 quoque
676 3264 847 3329 oratoribus
870 3266 943 3330 talia
966 3264 1094 3329 subinde
1117 3265 1198 3328 inve-

125 3375 264 3454 niuntur,
288 3384 341 3441 aut
363 3375 493 3441 librariis
508 3376 579 3461 'plus
594 3377 801 3461 imputabant,
819 3396 909 3460 quam
925 3376 1059 3440 decebat.
1083 3375 1198 3438 Verum

127 3483 169 3549 his
198 3488 256 3553 sub
286 3510 381 3552 unum
411 3495 608 3571 conspectum
638 3488 744 3572 positis
775 3486 949 3571 apparebit,
979 3487 1102 3571 opinor,
1134 3508 1197 3549 non

128 3596 247 3677 proinde
278 3598 389 3662 horum
418 3599 570 3682 ignaviam
601 3589 671 3661 esse'
696 3597 912 3676 accusandam,
945 3596 1068 3682 siquid
1095 3596 1196 3661 deesse

129 3702 275 3787 rideatur;
300 3708 458 3794 apparebit
473 3709 562 3772 etiam
580 3707 782 3772 subtilitatem
797 3715 828 3771 et
842 3709 1024 3772 tenuitatem
1038 3706 1197 3791 Lysiacam

130 3836 145 3877 a
164 3819 274 3884 talibus
297 3820 421 3886 minime
443 3817 602 3882 abstinere.
628 3817 719 3897 Quod
743 3819 768 3881 si
784 3820 920 3903 quaene,
938 3827 1087 3903 quatenus
1102 3818 1198 3903 possit

130 3928 245 4009 proban
273 3931 330 3993 hoc
354 3952 392 3993 an
416 3929 569 4007 excusari,
593 3951 656 3993 non
678 3928 786 3993 dubito
810 3929 950 4014 equidem
978 3937 1125 4008 statuere,
1150 3952 1199 4013 ge·

129 4054 182 4100 nus
208 4038 350 4104 iudiciale
384 4048 446 4103 non
481 4060 598 4125 semper
628 4040 786 4104 admittere
817 4040 901 4104 illam
931 4041 1111 4104 tenuitatem
1137 4040 1198 4105 sive

131 4147 361 4234 simplieitatem
384 4150 444 4214 nisi
468 4172 537 4214 vero
567 4152 674 4214 causac
703 4173 806 4214 omnes
832 4173 916 4214 verae
940 4158 969 4215 et
990 4151 1023 4215 in
1046 4150 1157 4235 quibus
1181 4173 1198 4212 a
1309 4197 1312 4202 .

132 4261 264 4342 captiosis
286 4261 471 4345 argumentis
495 4259 645 4324 abstinere
667 4262 780 4345 possit,
805 4261 842 4324 ad
866 4284 1021 4326 causarum
1036 4271 1197 4347 patronum

134 4365 309 4435 deferuntur.
332 4368 425 4450 Quod
449 4392 543 4453 quum
567 4392 629 4435 non
650 4372 719 4450 fiat,
737 4372 901 4459 admodum
916 4372 1037 4438 difficile
1053 4382 1115 4451 est,
1132 4368 1198 4436 eam

134 4480 245 4545 candidi
268 4481 436 4564 sincerique
453 4487 483 4544 et
499 4482 594 4565 aperti
610 4482 741 4546 hominis
757 4506 915 4568 personam
923 4534 932 4563 ,
950 4504 1041 4569 quam
1056 4485 1094 4548 ab
1109 4484 1198 4547 initio
