3002 5240
637 487 677 550 47

122 687 243 764 γεγονιθς
266 709 400 772 pugnare
423 707 491 750 eum
515 684 633 769 vulgari
656 684 808 748 sententio
832 682 869 746 de
895 680 1062 746 Andocidis
1087 686 1201 755 eetete,

124 820 157 861 ei
178 820 238 882 qua
260 805 350 861 notus
375 804 421 861 est
444 796 494 860 01.
520 800 571 861 78.
600 799 634 873 l,
660 804 695 860 ut
717 816 801 859 nunc
827 816 922 858 surius
946 800 1049 878 egeret
1072 790 1203 876 emplius

124 909 283 992 sexaginta.

163 1017 200 1082 In
223 1042 255 1082 re
278 1020 474 1103 grammatice
497 1018 682 1104 explorando
705 1018 814 1102 partim
835 1016 940 1081 eadem
961 1038 1007 1079 res
1024 1022 1081 1078 est.
1122 1011 1202 1076 Nom

124 1138 155 1193 ut
176 1131 297 1194 redeam
321 1131 359 1194 od
381 1133 398 1217 p
422 1134 458 1208 6,
483 1132 547 1195 deri
570 1138 671 1216 potest
694 1138 729 1193 ut
751 1130 811 1193 ἀπὸ
833 1136 888 1193 τῶν
915 1129 990 1192 πολὺ
1012 1125 1203 1207 διαφερόντων

123 1243 138 1318 ἦ
159 1250 252 1307 κακῶν
275 1243 293 1317 ἢ
315 1243 433 1320 οῖγαθοῖν
459 1241 595 1325 (additur
614 1241 720 1322 ἔργον,
745 1240 828 1325 quod
843 1240 971 1303 fortasse
986 1234 1200 1319 omittendum)

122 1353 183 1425 τοὺς
200 1354 379 1428 ποιήσαντας
395 1352 605 1430 γιγνώσκεσθαι
618 1373 673 1436 pro
685 1353 717 1416 ἐκ
731 1348 843 1414 dixerit
858 1349 920 1415 οῖτθ
935 1348 1043 1435 Lysiae
1056 1346 1200 1431 aequalis,
1273 1370 1276 1375 ·

125 1463 377 1546 quemadmodum
407 1462 514 1527 Aesoh.
543 1466 655 1539 1.44,
685 1461 764 1525 Plat.
793 1460 890 1525 Conv.
916 1462 990 1523 222.
1015 1458 1059 1537 135
1089 1466 1124 1522 ut
1146 1456 1204 1521 διθ-

124 1589 214 1654 χληκε
246 1596 317 1638 oum
345 1574 564 1638 recentioribus
595 1596 649 1658 pro
676 1574 826 1653 ἠνώχληκε
848 1571 941 1636 semel
969 1570 1106 1666 posuerit
1113 1596 1122 1647 3
1152 1567 1205 1632 sed

125 1686 148 1747 si
176 1686 223 1748 his
255 1684 408 1748 addideris
439 1683 545 1747 eodem
568 1684 635 1747 loco
659 1684 757 1755 ντθλεις
784 1682 926 1766 usurpari
949 1682 987 1746 de
1010 1680 1205 1766 regionibus,

127 1794 212 1878 poulo
234 1803 306 1880 post
321 1795 453 1872 soloeee,
472 1803 507 1858 ut
522 1796 645 1880 opinor,
663 1795 894 1858 coniunctivum
911 1815 982 1857 oum
997 1791 1034 1857 θον
1049 1791 1205 1856 οοΠοοκτίε

125 1906 326 1971 κεκολάκευκεν
349 1903 369 1989 ᾧ
389 1906 426 1972 ds
445 1905 643 1984 ξυγγένηται,
660 1905 801 1970 fateberis
816 1904 871 1968 illo
887 1906 988 1990 priora
1003 1904 1207 1987 suspicionem

125 2038 246 2100 augere3
268 2018 334 2081 fieri
358 2020 439 2082 enim
462 2019 512 2082 vix
535 2025 636 2103 potest
658 2026 694 2080 ut
717 2015 827 2102 Lysiae
851 2015 985 2100 aequalis
1008 2023 1108 2079 orator
1127 2015 1208 2077 intra

126 2134 182 2191 tem
214 2129 306 2194 breve
337 2130 468 2215 spatium
500 2138 547 2194 tot
577 2129 741 2193 insolentia
773 2128 831 2193 sibi
862 2127 999 2192 excidere
1029 2148 1135 2211 passus
1158 2127 1207 2189 sit.

127 2239 230 2319 Mitto,
251 2248 289 2305 ut
313 2263 443 2325 aequum
466 2249 529 2319 est,
554 2262 689 2324 eaquae
712 2240 794 2303 foeili
818 2239 941 2324 negotio
965 2236 1118 2302 emendari
1142 2260 1208 2321 pos-

127 2359 210 2429 sunt,
235 2352 333 2416 veluti
356 2350 385 2423 ὃς
408 2355 515 2433 τέχνην
537 2352 648 2426 ταύτην
671 2348 734 2431 ἔχει
757 2351 806 2434 (ef.
826 2352 853 2414 l.
871 2352 922 2434 16)
941 2349 1008 2421 τοὺς
1027 2348 1080 2425 μὲν
1092 2349 1208 2428 ἐχθροὺς

129 2463 208 2536 μηδὲν
231 2470 320 2527 ποιεῖν
344 2463 468 2544 κακθν,
492 2464 557 2534 τοὺς
581 2463 608 2526 δὲ
632 2463 735 2543 φίλους
758 2458 776 2526 θ’
787 2447 822 2526 τι
845 2461 880 2525 θον
902 2461 1018 2532 δυ’νηται
1034 2462 1139 2536 κακθν,
1156 2460 1209 2525 ubi

128 2573 206 2655 prius
227 2573 318 2638 κακθν
334 2573 472 2637 certatim
489 2574 641 2637 eiecerunt
653 2571 909 2650 Valckenaerius,
928 2571 1096 2649 Sluiterus,
1115 2571 1210 2637 Oobe-

129 2687 190 2759 tus,
215 2683 331 2747 iniuria
353 2684 489 2747 restituit
510 2682 685 2760 Scheibius;
711 2691 742 2746 et
761 2690 808 2747 νῦν
828 2681 873 2748 οὖν
894 2685 959 2760 ὑμῖν
977 2685 1135 2765 ἕνθναγκη
1148 2685 1209 2749 ε’στὶ

128 2792 340 2868 βουλεύσασθαι
371 2794 434 2875 τερῖ
464 2796 570 2876 αὐτοῦ,
610 2793 692 2878 quod
726 2792 845 2869 medius
876 2792 965 2856 fidius
997 2816 1058 2856 non
1090 2816 1210 2858 neeesse

129 2910 189 2966 erat
218 2903 338 2980 dicere3
370 2904 457 2988 quasi
489 2925 557 2966 vero
586 2903 702 2966 iudioes
725 2902 867 2967 dubitare
889 2912 1031 2987 possent,
1054 2928 1130 2968 num
1152 2905 1212 2968 dis·

129 3015 311 3079 eernendum
334 3024 413 3081 esset
436 3017 473 3080 de
495 3038 587 3079 eausa
608 3014 647 3079 ed
670 3039 701 3079 se
724 3015 843 3092 deleto3
868 3014 922 3079 sed
938 3016 1132 3080 scribendum
1147 3017 1210 3097 τερῖ

129 3126 227 3192 αὐτῶν.
265 3125 376 3190 Vestra
403 3127 556 3211 ipsorum,
587 3128 706 3211 inquit,
737 3126 920 3190 existimatio
944 3127 1053 3211 agitur.
1092 3126 1134 3190 Et
1153 3127 1211 3190 hoo
1326 3120 1329 3125 ⁴

130 3233 247 3301 demum
265 3238 406 3322 sequitur
420 3259 457 3301 ex
473 3237 694 3321 superioribus:
711 3240 743 3301 οθ
758 3237 848 3320 ῥθοῖιθν
864 3239 941 3301 ἐστιν
954 3238 1024 3314 ὑμῖν
1040 3240 1118 3318 αὐτῷ
1134 3239 1210 3302 οὐδὲν

131 3348 333 3426 χαρισαμένοις
356 3349 438 3428 τιαρθι
460 3347 493 3412 τὸ
515 3347 618 3412 δίκαιον
640 3351 738 3412 λαθεῖν
755 3348 822 3419 τοὺς
843 3348 1001 3422 Ἕλληνας.
1025 3347 1062 3411 ef.
1080 3351 1132 3412 28.
1154 3351 1210 3411 ld:

133 3453 161 3520 εὖ
182 3460 243 3540 τερῖ
269 3459 363 3522 αὐτῶν
385 3458 585 3535 βουλεύσεσθε.
613 3459 662 3521 18.
689 3461 746 3521 15:
771 3457 793 3522 ἃ
816 3458 868 3536 μὲν
891 3458 1126 3536 Λακεδαιμονίοις
1150 3485 1213 3525 συν-

111 3567 220 3643 ,ἔθεσθε
252 3570 452 3648 βεβαιώσετε.
483 3566 504 3633 σῖ
534 3568 558 3633 δ’
589 3570 686 3640 αὑτοῖς
712 3571 897 3649 ἐψηφίσασθε
927 3567 999 3636 οὕτω
1029 3572 1127 3653 ῥαδίως
1151 3572 1212 3636 δια-

136 3682 234 3745 λθσεσε
265 3687 297 3743 et
328 3679 419 3764 paulo
443 3687 512 3763 post
534 3680 589 3751 τὰς
613 3680 681 3757 τρῖς
704 3681 808 3751 αὑτοὺς
832 3681 1003 3767 (συνθήκας).
1027 3680 1105 3746 Xen.
1130 3682 1212 3746 Heli.

137 3788 159 3853 Ι.
190 3794 218 3857 7.
251 3794 311 3854 29:
348 3792 455 3855 ἑαυτῶν
485 3789 569 3862 θντας
599 3790 665 3862 τοὺς
699 3791 807 3868 νόμους.
840 3791 915 3855 Infr.
943 3795 993 3856 12.
1018 3794 1077 3856 33:
1101 3795 1131 3858 οὐ
1154 3795 1213 3872 γὰρ

137 3901 211 3976 αθνον
244 3906 314 3980 ἡμῖν
350 3910 481 3981 ταρεῖναι
515 3904 565 3966 οθκ
600 3902 684 3985 ἐξῆν,
715 3905 786 3967 αλλ’
817 3905 878 3967 οὐδὲ
908 3908 977 3983 παρ’
1006 3907 1104 3977 αὑτοῖς
1134 3902 1214 3971 εἶναι,

137 4012 272 4100 Aeschyl.
297 4037 344 4099 ap.
369 4014 463 4078 Arist.
489 4015 545 4078 Av.
571 4015 634 4077 808
659 4015 727 4078 coll.
752 4014 864 4078 schot:
888 4016 953 4081 ταδ’
971 4020 1028 4098 οὐχ
1046 4019 1095 4081 ὑπ’
1116 4015 1214 4081 ἄλλων

138 4125 215 4188 αλλὰ
236 4136 296 4196 τοῖς
318 4126 411 4189 αὐτῶν
434 4131 546 4203 πτεροῖς
569 4123 784 4207 Ἀλισκοῖοεσθα
806 4136 837 4188 et
859 4125 910 4188 all.

178 4233 235 4299 Sed
257 4236 385 4320 longum
409 4244 471 4311 est,
496 4234 616 4317 singula
634 4237 796 4319 persequi,
821 4258 899 4319 quae
921 4238 1023 4301 minus
1039 4245 1118 4302 reete
1134 4237 1216 4301 dieto

138 4354 223 4423 sunt,
254 4371 291 4411 ex
322 4346 432 4430 quibus
464 4366 533 4429 pers
557 4353 636 4409 certe
659 4345 790 4410 librariis
812 4346 942 4411 debetur
949 4374 958 4425 3
981 4357 1081 4414 tamen
1106 4349 1215 4413 horum

142 4475 276 4523 uumerus
308 4465 413 4522 tentus
444 4462 508 4533 est,
542 4462 575 4518 ut
603 4456 695 4541 eulpa
717 4459 872 4542 scriptoris
896 4462 998 4545 negari
1022 4484 1084 4527 non
1107 4463 1212 4546 possit.
