2958 5238
627 464 668 527 83

108 666 139 728 ἐκ
167 669 224 728 τῶν
254 663 329 729 ὤτοιν
359 661 494 739 ἐξείλετο.
541 662 801 749 Distinguendum
832 672 912 726 erat:
942 663 981 733 εἷς
1003 662 1055 735 την
1078 660 1186 736 οἰκίον,

108 773 258 851 Μηλόβιος
288 813 333 823 --
363 772 497 851 ἐξείλετο.
537 772 643 854 Quum
673 775 705 838 in
729 774 830 838 mariti
852 772 1042 837 Polemarchi
1064 794 1188 836 manum

108 883 264 962 veniebat,
295 885 356 948 iam
386 884 456 949 illos
487 885 616 949 annulos
644 907 720 949 uxor
743 884 874 950 habebat
881 912 890 962 3
915 890 1030 970 quanto
1053 883 1189 966 iniquius

109 1003 171 1060 erat
201 997 257 1060 hos
288 981 351 1059 tam
373 993 535 1081 diligenter
558 1002 747 1061 conservatos
770 995 816 1059 illi
839 996 915 1081 eripi
937 1018 955 1059 a
976 994 1122 1059 Malobio.
1144 1031 1189 1042 -

107 1106 153 1170 De
184 1106 276 1171 verbo
306 1108 469 1182 κτήσοσθοιι
500 1107 533 1171 in
564 1107 620 1171 hac
650 1108 783 1172 sectione
809 1107 842 1171 in
864 1108 1018 1183 κτήσεσθαι
1041 1105 1189 1170 mutando

108 1224 267 1283 monuerat
289 1219 350 1283 iam
372 1216 528 1282 Dobreus:
557 1216 613 1284 ὅσοι
634 1218 815 1284 οὐθετιίσοτε
827 1217 919 1300 Ὶῷοντο
935 1219 1109 1295 antaradum
1121 1225 1188 1282 tum

108 1328 197 1414 paulo
230 1334 300 1393 ante
330 1330 347 1413 d
379 1329 418 1393 17
451 1350 505 1412 pro
527 1328 560 1395 τὸ
582 1329 633 1393 ὑπ’
657 1329 766 1395 ἐκείνων
785 1328 936 1407 εἰθισμένον
959 1328 1188 1412 marcignana,

108 1439 273 1524 legendum
303 1461 368 1503 esse
398 1440 446 1503 ἐτ’
478 1440 587 1505 ἐκείνων
618 1462 679 1505 non
710 1463 822 1505 novum
854 1448 914 1516 est,
949 1440 1002 1504 sed
1029 1440 1190 1503 artificiosa

110 1544 360 1637 interpretatione
383 1552 564 1615 recentiores
587 1543 719 1616 editores
740 1551 861 1616 malunt
876 1550 1035 1615 defendere
1051 1549 1190 1615 codicum

111 1662 166 1745 (vel
197 1662 312 1726 codicis
343 1662 457 1747 potius)
480 1662 659 1728 lectionem:
683 1664 716 1728 τὸ
739 1662 790 1727 da?
812 1663 921 1728 ἐκείνων
944 1662 1109 1740 εἰθισμένον,
1134 1663 1190 1726 int

112 1773 385 1856 τοιρκννίνιλεσθοιι.

150 1886 244 1970 pti.
291 1885 366 1949 Post
393 1885 437 1949 rei
467 1885 736 1971 interrogationem
757 1887 775 1971 d
799 1888 859 1965 25,
884 1886 1016 1971 primum
1038 1885 1193 1969 redarguit

111 1994 197 2060 illum
220 1994 390 2074 dicentem,
415 2018 446 2058 se
469 1995 595 2060 oonsilio
618 1996 745 2081 triginta
767 1998 901 2061 virorum
924 1997 1109 2081 restitisset
1132 1999 1192 2073 26;

7 2118 29 2163 ὖ
111 2116 175 2171 tnm
197 2106 238 2171 ad
261 2107 386 2172 aiteram
410 2108 635 2172 excusationem
657 2108 852 2173 refellendam
870 2109 1036 2185 transiens,
1056 2107 1106 2172 κοιί
1117 2108 1191 2190 μην,

112 2218 226 2303 iuquit,
250 2217 311 2283 οὐδὲ
333 2215 411 2283 τοῦτ’
433 2218 508 2290 εἰκὸς
531 2221 610 2299 αὐτῷ
634 2219 793 2299 πιστεύειν,
817 2217 895 2298 είτερ
918 2220 1012 2294 οίληθῆ
1038 2221 1119 2295 λέγει
1131 2218 1192 2301 φοί-

7 2400 9 2403 ,
112 2353 182 2394 σκων
205 2330 369 2404 οὶντειτεῖν,
391 2331 428 2401 ὡς
451 2330 530 2409 οιύτῷ
553 2329 734 2409 προσετάχθη
757 2327 833 2412 (MS.
858 2329 992 2413 ἐτάχθη).
1016 2327 1055 2392 In
1071 2328 1119 2392 his
1135 2329 1194 2392 tria

7 2495 8 2499 ,
114 2447 264 2524 postrema
285 2440 376 2511 verba
399 2438 555 2526 iungenda
577 2448 649 2503 sunt
665 2462 735 2505 cum
750 2441 911 2517 τιοτεθεινς
928 2441 1107 2526 interposita
1122 2446 1195 2503 sunt

113 2548 161 2614 iila
189 2549 271 2632 εἴπερ
300 2588 345 2601 -
375 2551 521 2617 οέντειτεΐν
548 2573 601 2636 per
623 2551 837 2636 parenthesin,
861 2553 905 2616 sie
930 2559 963 2615 nt
986 2552 1065 2615 viam
1089 2550 1127 2614 ad
1150 2571 1193 2613 se-

112 2662 238 2744 quentia
259 2670 455 2748 praeparent:
479 2663 556 2741 „sed
576 2663 602 2727 si
618 2662 666 2727 vel
678 2663 810 2735 ,maxime
826 2685 896 2727 vera
911 2662 1076 2727 contendat
1091 2661 1194 2725 dicens

112 2796 139 2838 se
161 2775 342 2840 oblocutum
365 2796 429 2839 esse
452 2774 504 2858 (de
527 2796 588 2858 qno
611 2773 687 2857 quid
710 2774 750 2838 sit
766 2773 963 2837 statuendum
974 2775 1034 2837 iam
1046 2772 1192 2857 dictum),

112 2891 213 2951 tamen
243 2885 352 2969 utique
375 2907 437 2957 non
460 2886 631 2972 oportetei
653 2884 744 2948 fidem
767 2883 892 2961 habere,
918 2906 1012 2968 quum
1036 2884 1111 2948 dicit
1133 2885 1194 2948 ius·
1278 2906 1284 2917 ·

114 3019 178 3062 sum
211 3020 242 3062 se
272 2997 397 3062 foisse.’'
444 2997 527 3061 Haec
557 2999 600 3060 ita
622 2996 824 3082 pronunciata
846 2996 989 3074 fuerunt,
1013 3004 1049 3059 ut
1073 2995 1197 3060 audien-

114 3108 193 3174 tibus
225 3130 288 3173 non
319 3111 418 3173 essent
448 3107 594 3186 obscura,
625 3107 740 3193 legenti
770 3106 917 3192 impedita
945 3115 1032 3184 sunt}
1056 3107 1094 3170 of.
1117 3107 1196 3170 infra

116 3218 151 3282 ad
172 3221 189 3305 p
211 3222 264 3283 41.
299 3218 404 3304 Pergit
426 3227 544 3284 orator:
567 3221 599 3284 οὐ
622 3219 682 3301 γὰρ
703 3219 737 3294 δη
753 3242 808 3283 τον
823 3219 851 3282 ἐν
866 3223 926 3289 τοῖς
942 3216 1082 3294 μετοίκοις
1099 3215 1195 3280 πίστιν

116 3330 181 3409 τοηθ
205 3332 294 3395 αὐτοῦ
317 3331 497 3410 ἑλοίμβοινον.
532 3329 685 3416 Bergkius
708 3352 764 3414 pro
787 3331 885 3394 πίστιν
901 3329 1061 3414 proposuit
1076 3335 1194 3407 πεῖρκν;

10 3504 11 3515 ,
117 3461 175 3505 uon
198 3440 346 3505 assentior
353 3467 362 3518 ς
387 3441 500 3518 τίστις,
525 3442 636 3526 pignus
659 3441 749 3516 fidei,
774 3448 838 3505 tam
859 3442 967 3518 rebus,
982 3448 1023 3504 ut
1037 3440 1096 3504 hoo
1111 3440 1197 3517 loce,

10 3562 11 3571 ’
119 3572 205 3636 qnam
234 3551 333 3616 verbis
362 3550 428 3616 dari
458 3559 569 3637 potest
616 3552 843 3617 Documentum
870 3552 941 3616 fidei
965 3562 996 3615 et
1019 3550 1111 3615 simul
1134 3551 1198 3635 pig·

9 3688 10 3691 ¹
120 3681 173 3726 nus
200 3662 231 3726 in
259 3667 415 3748 posterum
446 3662 597 3747 putabant
625 3664 752 3749 triginta
775 3664 831 3727 viri
854 3663 1084 3727 malefacterum
1108 3662 1198 3726 socie·

120 3776 223 3850 tatem,
254 3779 291 3836 ut
319 3780 427 3855 notum
451 3796 488 3838 ex
509 3773 588 3839 Plat.
614 3774 704 3860 Apol.
729 3776 782 3839 32.
807 3772 850 3852 Ο,
874 3772 945 3859 Lys.
971 3775 1023 3862 25.
1051 3775 1108 3836 13:
1132 3774 1198 3844 τοὺς

121 3890 243 3950 πλεῖστοι
265 3887 345 3950 κοοκοὶ
368 3886 447 3966 ὑμᾶς
470 3886 674 3966 εἰργασμένους
700 3887 739 3958 είς
762 3886 817 3958 τοὶς
840 3887 931 3964 τιμὰς
950 3885 1149 3967 κοιθίστοιοοιν,
1162 3887 1198 3955 ὡς

120 3995 224 4071 ταύτην
253 3996 322 4078 παρ’
354 4000 432 4076 ημῶν
462 3998 495 4082 (l.
528 4000 634 4082 αὐτῶν)
657 4000 754 4062 τίστιν
773 3997 935 4077 εἰληφότες.
980 3994 1039 4060 Sed
1062 3993 1099 4059 ἴον
1122 3996 1152 4059 ίι.
1177 3993 1199 4059 l.

122 4102 218 4170 abesse
239 4130 301 4172 non
326 4115 425 4194 potest
431 4135 440 4187 3
464 4108 629 4194 legendum
651 4112 682 4174 οὐ
705 4109 764 4190 potr
788 4107 824 4174 θον
848 4109 881 4183 δή
905 4131 977 4183 τιον,
993 4113 1029 4170 ut
1045 4105 1124 4171 Xon.
1137 4104 1199 4170 ΟΡ.

122 4212 179 4280 ΙΠ.
211 4221 238 4282 1.
273 4221 324 4284 17.
369 4219 646 4304 Insequentibus:
671 4221 737 4284 ἐπεί
757 4243 800 4284 τοι
823 4190 863 4300 τῷ
888 4217 971 4294 ἧττον
987 4217 1063 4290 είκὸς
1081 4213 1112 4291 ἦν
1125 4239 1203 4296 στρος-

124 4328 276 4408 τοχθῆνοιι,
308 4330 325 4406 ἢ
357 4327 434 4402 ὅστις
464 4354 502 4407 νε
532 4332 673 4396 οξντειτὼν
700 4331 871 4411 ἐτθνχοινε,
895 4329 928 4392 in
951 4327 999 4390 his
1023 4328 1117 4411 igitur
1139 4326 1204 4390 ε’τεί

125 4458 161 4499 τοι
183 4447 226 4502 est
249 4463 284 4504 ex
307 4441 518 4506 emendatione
526 4469 536 4520 ;
561 4441 656 4505 codex
674 4440 796 4517 θτειτοι,
813 4441 896 4524 quod
913 4440 1036 4504 omnino
1053 4438 1124 4502 ferri
1139 4458 1201 4499 non

1045 4554 1082 4610 6*
