2994 5234
629 486 690 547 181

109 688 247 766 peratum
280 683 336 760 sit,
368 704 430 746 non
463 681 663 766 improbabile
693 688 749 751 est.
796 680 855 744 Sed
880 683 1038 764 quaeritur
1062 685 1116 765 qui
1140 687 1204 749 sint

107 792 132 854 οἱ
155 790 251 855 ἄλλοι.
299 790 441 855 Fortasse
465 791 661 855 scribendum
683 789 733 854 καὶ
760 790 958 861 retentamus
982 792 1003 854 i.
1027 815 1052 855 e.
1070 800 1097 857 et
1116 818 1202 878 proe-

109 907 200 964 terea.
248 900 371 965 Centies
403 900 485 986 apud
517 900 678 964 Platonem
707 900 751 963 sic
782 898 873 970 ἄλλος
897 907 1065 984 usurpatur
1088 912 1124 965 ut
1148 905 1202 968 ὑπὸ

105 1014 162 1073 τῶν
193 1016 316 1074 πολιτῶν
346 1010 395 1074 καὶ
428 1017 484 1074 τῶν
514 1009 614 1073 ἄλλων
644 1008 744 1084 ξένων,
769 1010 825 1072 ὑπὸ
846 1015 933 1085 λιμοῶ
957 1010 1007 1074 καὶ
1029 1019 1082 1084 τῆς
1104 1011 1200 1087 ἄλλης

106 1118 229 1201 ἀργίας,
261 1118 438 1198 δημηγοριῶν
468 1119 517 1183 καί
544 1125 600 1182 τῶν
623 1119 723 1182 σ’ίλλων
746 1120 845 1214 ῶρχῶν
869 1126 900 1180 et
924 1118 1001 1196 alia,
1026 1119 1063 1183 de
1087 1121 1200 1206 quibus

105 1226 199 1291 multi
233 1236 378 1310 egeruut;
414 1228 568 1312 copiosius
603 1229 671 1292 Ast.
708 1227 747 1290 ad
777 1227 857 1290 Plat.
890 1227 1019 1292 Phaedr.
1054 1252 1084 1313 p.
1118 1233 1200 1308 241,

105 1334 215 1399 Stallb.
247 1336 286 1399 ad
316 1337 436 1402 Phileb.
468 1361 498 1422 p.
523 1340 576 1400 36.
606 1336 645 1400 D.
692 1335 752 1399 Sed
780 1336 872 1399 etiam
895 1343 1014 1420 praeter
1037 1337 1199 1402 Platonem

105 1444 157 1507 alii
183 1445 346 1530 scriptores
371 1453 401 1510 et
424 1453 532 1531 poetae
556 1445 640 1509 velut
655 1445 749 1529 Soph.
766 1444 805 1508 Ο.
818 1445 853 1508 Τ.
873 1447 902 1522 7,
920 1444 994 1509 Eur.
1013 1445 1096 1510 Med.
1115 1450 1199 1525 291,

104 1553 186 1617 Xen.
211 1553 272 1618 GP.
297 1555 358 1619 IH.
384 1560 414 1620 3.
440 1560 500 1633 34,
526 1559 556 1619 2.
584 1558 642 1631 la,
667 1555 705 1619 al.
746 1554 818 1639 Lys.
838 1558 866 1620 7.
885 1557 945 1618 25:
969 1555 1062 1635 ῶσπερ
1079 1555 1128 1619 καὶ
1146 1559 1198 1630 την

104 1663 234 1744 πατρίδα
257 1664 306 1728 καὶ
329 1667 381 1739 την
404 1663 500 1739 ἄλλην
524 1666 622 1730 οὐσίαν
646 1672 676 1729 et
700 1668 759 1729 82:
783 1663 841 1730 οὔτ’
865 1665 902 1729 ίιν
925 1665 988 1745 περὶ
1012 1674 1113 1748 φωνῆς
1137 1666 1196 1731 οὔτ’

105 1771 140 1837 dur
174 1772 238 1850 περὶ
268 1781 320 1847 τῆς
349 1773 446 1849 ἄλλης
475 1775 573 1846 οὐσίας
606 1774 804 1855 ἠγωνιζόμην·
830 1777 882 1836 26.
908 1778 943 1837 9:
968 1775 987 1849 ἥ
1009 1800 1043 1840 τε
1066 1776 1200 1839 πολιτεία

105 1884 154 1946 καί
186 1883 219 1947 τὸ
242 1883 318 1947 ἄλλο
341 1886 447 1957 πλῆθος
470 1886 504 1950 τὸ
528 1884 660 1964 ὑμέτερον
684 1884 817 1964 σώζεται.
859 1887 909 1946 15.
940 1887 973 1947 l:
998 1889 1054 1949 τῶν
1076 1908 1199 1963 στρατη-

105 1997 165 2068 νῶν
201 1990 319 2070 δέομαι,
350 1994 412 2057 ἐπεὶ
436 1993 485 2058 καὶ
509 1996 538 2058 ἕν
560 2004 597 2074 τῇ
621 1991 701 2074 σ’ίλλη
722 1996 804 2077 αρχη
828 2000 938 2058 πολλοῦ
962 1991 1033 2069 οίξιοι
1056 2001 1094 2073 τῇ
1115 1992 1199 2056 πόλει

104 2099 266 2183 γεγόνασι,
299 2102 348 2165 καὶ
386 2103 448 2182 περὶ
477 2108 533 2167 τῶν
559 2111 611 2176 τῆς
635 2105 814 2181 οὶστραπείας
837 2108 961 2183 γραφῶν
985 2104 1088 2174 κοινοὺς
1115 2099 1197 2168 εἶναι.

104 2209 187 2274 Add.
222 2211 250 2274 l.
276 2214 306 2274 4.
353 2211 412 2275 Per
442 2212 521 2275 hanc
552 2212 724 2275 iuncturam
758 2212 948 2295 significatur
978 2233 1041 2274 uuo
1072 2212 1198 2296 quidem

103 2320 228 2383 nomine
259 2339 306 2383 res
338 2321 514 2404 ceteroquin
546 2320 680 2384 diversas
712 2321 792 2383 inter
823 2343 855 2383 se
887 2320 1000 2383 similes
1029 2321 1142 2396 fuisse,
1168 2327 1200 2382 et

104 2435 174 2512 apte
204 2451 276 2491 cum
305 2429 506 2512 promissione
530 2429 635 2492 veniae
659 2435 690 2491 et
712 2430 879 2503 οὶανηστίας
904 2429 1044 2492 exulibus
1069 2433 1099 2491 et
1122 2429 1200 2491 inf·

105 2537 208 2601 mibus
241 2537 312 2601 data
342 2560 395 2622 per
425 2536 517 2609 οίλλος
549 2538 712 2622 copulatur
741 2538 818 2601 illud
851 2544 959 2601 notum
984 2536 1198 2601 iusiurandum

106 2648 157 2728 (cf.
183 2646 266 2711 And.
291 2648 311 2710 l.
337 2647 369 2731 l.)
395 2646 478 2731 quod
502 2647 641 2710 similiter
665 2647 878 2711 conciliatione
902 2648 980 2710 vires
1004 2647 1197 2711 obsessorum

105 2763 269 2819 aucturum
293 2764 366 2820 erat.
918 2754 922 2758 ⁸

149 2867 167 2949 p
191 2867 244 2928 28.
291 2865 436 2937 πολλοίκις
467 2865 518 2940 ἤδη
551 2866 591 2945 τῷ
619 2863 746 2943 ὑμετέρῳ
777 2865 879 2938 πλήθει
904 2864 1120 2928 διεκελεύσαντο
1144 2864 1198 2944 (sic

9 3030 10 3033 ,
107 2974 228 3057 egregie
260 2973 381 3056 Taylor.
405 2994 461 3057 pro
484 2973 665 3055 διελύσαντο)
688 2980 747 3044 τοῖς
771 2969 858 3051 ὅρκοις
881 2972 930 3035 καὶ
954 2980 1021 3043 ταῖς
1044 2973 1196 3046 συνθήκαις
1231 3047 1234 3052 .

106 3082 258 3157 ἐμμένειν·
283 3120 328 3130 -
350 3089 410 3154 τοῖς
441 3083 495 3160 μὲν
525 3083 584 3161 γαρ
608 3080 641 3156 ἕξ
663 3079 767 3152 σ’ίσπεος
792 3081 860 3158 ὑπὲρ
883 3087 939 3145 τῶν
962 3081 1201 3160 παρεληλυθότων
1241 3140 1248 3146 .

104 3189 206 3256 ἴοδειαν
237 3192 378 3265 ποιήσειν,
408 3199 484 3260 τοῖς
515 3191 598 3253 δ’ἐκ
622 3195 796 3270 Πειραιῶς
819 3188 906 3253 οὕτω
929 3196 1101 3253 πλεῖστον
1124 3189 1202 3268 χρί-

106 3325 158 3366 νον
181 3302 244 3373 την
267 3299 458 3364 πολιτείαν
480 3299 522 3364 διν
545 3306 788 3377 παραμεῖναι.
834 3297 935 3381 Igitur
959 3298 1062 3362 exules
1085 3299 1144 3361 soli
1166 3299 1206 3379 (οἱ1

106 3411 137 3474 ἐκ
167 3411 317 3491 Πειραιῶς)
340 3408 438 3472 libera
461 3407 642 3471 fruebantur
665 3405 812 3470 civitate?
859 3409 908 3469 An
932 3405 1066 3471 πολιτεία
1091 3413 1137 3469 est
1161 3407 1201 3469 ci·

106 3519 209 3581 vitetis
232 3516 482 3581 administratio?
516 3514 634 3579 Verum
656 3515 732 3579 haec
750 3537 813 3578 non
834 3522 899 3579 erat
918 3522 974 3579 τῶν
995 3518 1028 3579 ἐκ
1042 3521 1198 3593 Πειραιῶς,

107 3627 158 3690 sed
188 3626 326 3688 omnium
359 3625 547 3709 promiscue3
577 3623 670 3706 idque
702 3645 894 3707 summopere
918 3645 1021 3686 cavere
1044 3622 1112 3686 vult
1136 3645 1200 3685 ora·

106 3743 153 3799 tor
176 3759 216 3799 ne
240 3735 273 3798 hi
297 3735 354 3797 soli
376 3734 596 3819 rempublicam
618 3739 745 3797 teneant
751 3759 761 3810 ρ
786 3734 824 3796 cf.
848 3735 933 3817 §tt
964 3732 1044 3796 Vide
1059 3755 1134 3795 num
1151 3754 1201 3796 ex·

107 3845 214 3908 ciderit
237 3843 355 3926 aliquid
379 3851 450 3927 post
472 3841 562 3925 οὕτω,
587 3842 649 3905 tale
671 3841 746 3926 quid
766 3849 824 3913 τοῖς
849 3841 873 3903 δ’
896 3843 928 3905 εἰι
947 3852 985 3905 Π.
1006 3839 1077 3905 οὕτω
1102 3842 1202 3905 πλεί-

107 3978 194 4028 στην
217 3953 326 4030 τιμην
351 3950 669 4031 προςγεννίσεσίαι
689 3950 749 4014 καὶ
771 3957 908 4014 πλεῖστον
926 3949 1026 4029 χρόνον
1038 3974 1065 4013 κ.
1079 3974 1107 4015 τ.
1121 3950 1202 4014 ἑ.-

109 4060 253 4124 Ceterum
276 4082 313 4123 ex
337 4059 436 4123 verbis
459 4058 605 4128 πολλοίκις
629 4059 680 4133 ἤδη
705 4065 831 4143 apparet
856 4059 916 4122 iam
941 4059 1062 4142 saepius
1086 4059 1200 4122 similes

108 4192 211 4233 causas
249 4169 348 4233 dictas
384 4169 479 4231 fuisse
511 4175 579 4251 post
613 4167 787 4231 libertatem
817 4168 1010 4245 restitutam,
1046 4167 1128 4250 quod
1162 4167 1200 4230 ad

109 4285 229 4365 tempus
260 4277 408 4339 orationis
439 4276 561 4340 habitae
594 4275 845 4340 constituendum
877 4300 938 4340 non
963 4275 1196 4360 neglegendum.

110 4385 238 4471 Reliqua
260 4387 407 4470 temporis
430 4385 544 4448 indicia
566 4385 598 4447 in
621 4386 759 4449 oratione
783 4386 832 4469 (cf.
852 4386 982 4451 maxime
1001 4389 1018 4469 p
1035 4389 1075 4447 23
1095 4391 1126 4448 et
1143 4385 1199 4468 24)
