3002 5240
123 720 209 776 rum,
231 699 287 762 boc
315 701 430 769 factum
460 722 524 764 esse
555 699 593 763 ab
619 698 674 775 iis,
699 720 776 782 quos
800 720 902 761 secum
926 698 989 782 ipse
1012 696 1191 775 adduxerit;

123 816 252 893 poteraut
285 811 316 874 hi
352 811 499 879 abducere
534 832 604 874 eum
640 819 670 873 et
704 809 855 873 retrahere
885 831 1003 886 secum,
1036 808 1060 871 si
1092 808 1193 872 ebrius

19 994 20 1007 χ
122 920 202 983 nimis
235 923 339 1007 turpia
372 922 560 1008 designaret,
596 943 659 985 uon
693 921 781 1004 quasi
817 919 921 983 hostili
951 921 1052 983 animo
1083 918 1194 1003 pellere

122 1054 135 1093 e
154 1032 241 1096 domo
265 1031 425 1116 (ἐξήλασαν
447 1032 530 1117 βίᾳ),
562 1033 594 1096 iu
618 1053 710 1115 quam
732 1031 791 1115 ipsi
815 1053 936 1116 quoque
959 1031 989 1093 vi
1011 1031 1193 1115 irruperant.

122 1141 228 1206 Fecisse
260 1144 317 1207 hoc
349 1144 512 1208 credideris
535 1151 653 1229 praeter
675 1143 775 1227 ipsum
800 1142 954 1205 homiuem
981 1142 1113 1217 vicinos,
1140 1140 1193 1225 qui

121 1254 246 1318 tumultu
269 1264 420 1319 nocturno
443 1256 566 1320 excitati
588 1266 657 1340 post
681 1253 835 1317 Simonem
864 1253 988 1317 domum
1011 1250 1195 1317 intraverint

121 1365 154 1447 (oi
172 1371 244 1442 μετ’
261 1369 370 1432 αὐτὸν
391 1366 620 1451 εἰςελθόνπες)
630 1393 638 1444 ;
656 1365 709 1430 sed
725 1366 781 1429 hos
796 1366 974 1451 simpliciter
992 1388 1045 1450 per
1062 1365 1153 1429 verba
1169 1366 1193 1429 οἱ

119 1477 339 1555 παραγενόμενοι
363 1479 550 1563 significatos
575 1478 686 1555 luisse,
703 1478 822 1561 reliqua
836 1484 938 1540 antem
953 1476 1063 1540 falsum
1079 1476 1196 1540 librarii

120 1584 354 1652 additamentum
389 1611 453 1653 esse
487 1587 675 1674 probabilius
712 1587 801 1651 duco.
848 1567 970 1651 Scilicet
1004 1587 1196 1671 importunus

121 1695 258 1780 interpres
283 1720 345 1762 non
369 1698 565 1782 intellegebat
587 1699 646 1762 hoc
670 1698 737 1762 loco
761 1706 791 1762 et
814 1701 831 1783 b
855 1702 894 1762 18
918 1699 942 1762 cl
967 1701 1194 1779 παραγενόμενοι

121 1827 173 1868 nou
203 1830 268 1872 esse
301 1809 426 1873 comites
454 1808 602 1886 Simonis;
627 1810 680 1873 sed
703 1809 758 1873 lros
783 1810 946 1894 significari
969 1817 1054 1874 ratus
1079 1811 1197 1875 addidit

121 1916 168 1980 illa
187 1921 235 1984 καὶ
260 1924 329 1998 μετ’
352 1924 442 1987 αὐτοῦ
465 1922 603 1992 ἐλθόντες.

157 2031 223 2113 §S
272 2032 371 2097 Domo
403 2041 509 2097 evocat
540 2032 728 2096 defensorem
757 2030 856 2109 Simo,
882 2055 1011 2116 eumque
1035 2034 1138 2097 statim
1162 2037 1197 2097 ut

121 2140 226 2223 prodiit
251 2144 397 2209 verberat.
434 2144 550 2219 Ἐπειδὴ
564 2145 588 2208 δ’
602 2144 689 2209 αὐτὸν
702 2144 873 2227 (τύπτονται)
886 2145 1040 2222 ἠμυνάμην
1051 2145 1065 2207 ε’
1070 2146 1194 2220 accde,

121 2249 225 2326 ἔβαλλέ
249 2279 291 2330 με
311 2254 405 2325 λίθοις.
452 2253 527 2316 Post
549 2253 724 2331 Reiskium,
748 2254 798 2338 qui
816 2253 938 2338 Taylori
956 2255 1197 2319 emendationem

121 2363 286 2447 lausduno,
309 2365 418 2436 inorata
442 2365 612 2451 improbat,
637 2366 853 2449 acquieverunt
877 2365 1007 2430 editores
1026 2367 1058 2430 in
1075 2369 1198 2452 vulgata

123 2469 252 2538 lectione.
302 2477 331 2539 A
361 2475 492 2560 'layloro
523 2477 588 2540 iure
620 2475 762 2540 dissentit
791 2475 949 2554 Reiskius,
982 2477 1034 2540 sed
1057 2479 1198 2562 vulgatae

123 2580 266 2663 defensio,
303 2609 395 2670 quam
426 2588 492 2673 ipse
515 2588 660 2672 suscipit,
685 2588 749 2651 sine
773 2589 980 2651 controversia
1003 2589 1201 2673 improbanda

122 2703 170 2760 est.
215 2696 422 2782 Distingueus
457 2699 538 2763 euim
569 2708 639 2762 aute
663 2700 766 2770 ἐνσπαὶς
792 2700 835 2762 ita
858 2699 1092 2783 iuterpretatur:
1117 2724 1202 2778 ,‚non

122 2810 223 2887 ,‚satis,
256 2810 377 2894 inquit,
412 2810 544 2874 habebat
573 2810 656 2874 Simo
690 2834 738 2874 me
761 2811 873 2895 pugnis
897 2811 1076 2875 verberare.v
1097 2811 1199 2876 Etiam

122 2919 255 2999 ,,ε’νσποὶς,
289 2945 399 3006 urgens
430 2945 478 2987 me
509 2930 602 3015 atque
630 2923 800 3008 fugientem
824 2945 1024 3008 persequens,
1049 2925 1129 2987 saxis
1152 2948 1199 2988 me

121 3032 290 3113 „petebat”
336 3032 395 3103 Sed
418 3034 476 3097 ista
490 3038 657 3118 sapientem
674 3058 856 3120 persequens
876 3035 965 3120 plane
985 3035 1084 3099 eloco
1101 3037 1200 3101 aliena

122 3148 202 3219 sunt,
227 3144 260 3207 iu
285 3166 346 3227 quo
369 3144 481 3209 diserte
503 3146 530 3208 is
555 3147 607 3230 qui
631 3168 752 3210 oausam
777 3169 860 3210 nunc
883 3146 975 3223 dicit,
999 3143 1151 3211 Simonem
1168 3172 1199 3212 se

122 3269 137 3308 a
156 3272 278 3335 corpore
301 3275 357 3316 suo
380 3255 512 3319 arcuisse
536 3256 611 3328 dicit
634 3258 828 3339 (ἀμύνασθαι)
835 3234 850 3333 ;ι
869 3258 894 3320 is
919 3258 972 3341 qui
996 3265 1115 3321 arcetur
1138 3282 1200 3322 non

122 3357 296 3444 insequitur.
341 3363 434 3443 Quod
464 3367 597 3430 sentiens
620 3366 763 3432 Reiskius
787 3377 911 3454 „potest
934 3369 1056 3441 ἕνπποὶς.
1081 3369 1199 3453 iuquit,

106 3471 226 3545 ,etiam
259 3473 298 3538 ad
329 3498 412 3540 reum
444 3478 548 3542 referri
581 3478 748 3563 [ἠμυνάμην
772 3481 912 3564 ἕνσπάς],
936 3488 972 3545 ut
994 3480 1068 3545 baec
1091 3483 1201 3546 existat

123 3585 301 3655 ‚‚seutentia:
333 3587 451 3671 „„quia
481 3610 552 3651 vero
583 3611 639 3673 ego
669 3612 740 3653 eum
771 3590 954 3675 repellebam
982 3599 1011 3654 et
1034 3592 1200 3657 ulciscebar

124 3693 277 3768 ‚„,instans
309 3705 338 3760 et
368 3720 480 3782 urgens
511 3699 704 3778 verberibus,
737 3690 837 3786 petiit¹
859 3725 906 3765 me
929 3702 1060 3765 saxis.’'''
1106 3702 1199 3767 Vides

125 3799 287 3883 bominem,
314 3807 367 3890 qui
390 3815 496 3891 arpent
518 3809 692 3874 verberibus
715 3821 746 3875 et
770 3834 786 3875 e
806 3813 933 3897 vestigio
949 3814 1143 3897 insequatur,
1161 3815 1198 3879 ab

127 3914 222 3979 codem
250 3939 340 4002 quem
367 3926 473 4003 arpent
494 3921 574 3985 saxis
597 3922 746 4007 petitum,
771 3924 852 4007 quod
877 3923 1053 3989 absurdum.
1089 3925 1199 3989 Verius

127 4019 260 4092 Reislrius
278 4029 490 4104 animadvertit
505 4032 849 4122 Tayloriooniecturam
865 4044 1023 4121 propterea
1039 4038 1101 4101 nori
1113 4060 1200 4122 posse

128 4137 256 4216 probari,
288 4140 372 4223 quod
395 4142 529 4218 ἐκπτῆναι
553 4144 636 4229 apud
661 4146 780 4210 Atticos
805 4149 926 4231 propria
949 4148 1065 4232 (locali)
1090 4149 1202 4232 signifi-

129 4246 238 4314 catione
261 4261 441 4334 usurpatum
465 4275 526 4316 uon
551 4256 646 4338 possit
670 4257 809 4321 absolute
834 4260 923 4343 poni,
941 4259 1012 4323 addi
1028 4261 1108 4324 cuim
1125 4260 1202 4324 solet

131 4358 273 4436 genitivus
295 4370 348 4437 πῆς
370 4363 448 4438 ὀδοῦ,
473 4367 505 4429 ἐκ
527 4371 578 4430 ποῦ
601 4373 708 4451 μέσου,
733 4369 801 4435 alia.
835 4368 902 4433 Neo
922 4378 990 4435 utor
1006 4372 1113 4457 Eurip.
1131 4370 1200 4456 Iph.

132 4462 212 4534 Taur.
241 4474 342 4539 1198:
366 4475 510 4559 orcysr’,
534 4476 686 4554 ἐξίστασθε
693 4530 703 4564 ,
726 4483 769 4559 μή
792 4505 832 4562 τῳ
855 4483 1000 4564 προσπέσῃ
1016 4483 1201 4562 μύσοςπόδε,

1062 4599 1082 4656 3
