2994 5234
796 495 862 555 alc

286 692 329 754 sie
353 690 592 754 Strombichides
616 691 716 774 capite
739 689 902 753 damnatus
922 710 987 751 esse
1010 688 1210 771 significatur.
1242 688 1372 773 1111111-

283 799 379 876 liade,
404 821 496 882 quem
518 800 616 864 nobili
632 800 774 862 classium
791 798 863 862 duci
879 797 1099 862 Strombichidi
1115 799 1164 882 (cf.
1178 799 1370 877 ThucVIII,
1471 854 1472 889 y

285 909 407 993 passim)
439 909 594 992 adiungit,
627 908 706 972 nihil
738 915 846 970 notum
878 913 941 984 est,
976 907 1035 969 nisi
1066 907 1150 989 quod
1179 907 1261 970 filius
1285 908 1372 972 fuisse
1471 900 1472 931 ³

285 1026 387 1104 potest
421 1019 535 1083 Calliae
566 1017 713 1082 Calliadis
745 1017 819 1094 filii,
851 1017 905 1099 qui
936 1015 1000 1078 dur
1030 1016 1089 1079 fuit
1124 1016 1163 1079 ad
1197 1016 1370 1080 Potidaeam

282 1128 390 1213 (Thuc.
416 1128 442 1192 Ι.
468 1131 534 1211 61).
581 1126 674 1207 Quod
706 1150 724 1190 a
754 1126 960 1210 Xenophonte
983 1131 1113 1208 uterque
1136 1126 1292 1189 omittitur
1313 1148 1372 1189 non

284 1239 403 1302 mirum.
451 1237 586 1301 Omnino
614 1237 745 1300 historia
767 1236 895 1320 triginta
919 1235 1053 1298 virorum
1076 1236 1108 1299 in
1132 1235 1301 1299 Hellenicis
1325 1234 1373 1298 ad·

282 1347 407 1410 modum
432 1347 578 1409 lacunosa
602 1355 665 1423 est,
690 1346 753 1409 sive
777 1344 861 1427 quod
884 1344 916 1406 in
936 1344 1051 1407 recenti
1067 1344 1111 1407 rei
1126 1345 1274 1408 memoria
1288 1346 1369 1429 ignes

284 1456 341 1520 sub
365 1455 465 1519 cinere
488 1455 618 1519 latentes
643 1454 789 1518 suscitare
813 1453 914 1518 noluit
937 1453 1112 1537 Xenophon
1136 1455 1220 1534 (nam
1246 1455 1371 1538 priorem

284 1564 514 1628 Hellenicorum
546 1573 668 1648 partem
696 1563 793 1627 multo
825 1568 896 1625 ante
928 1562 1071 1638 alteram,
1105 1585 1182 1646 quae
1210 1563 1373 1648 incipiata

282 1672 361 1736 libro
385 1673 493 1749 tertio,
518 1673 662 1756 scriptam
683 1694 748 1735 esse
765 1669 938 1735 Niebuhrio
958 1671 1136 1754 assentior),
1157 1671 1221 1734 sive
1240 1672 1322 1756 quod
1337 1671 1371 1734 ad

282 1781 494 1846 liberationem
518 1782 633 1866 patriae
653 1781 902 1859 describendam,
923 1780 1081 1844 laetiorem
1099 1781 1183 1845 illam
1203 1783 1372 1859 materiam,
1473 1824 1474 1871 3

283 1891 403 1954 animus
422 1891 613 1975 properabat.
649 1890 709 1954 Sed
729 1890 828 1954 multo
847 1890 954 1974 plura,
977 1911 1068 1972 quam
1088 1889 1208 1966 fecerit,
1226 1914 1374 1955 1111111111-

283 2023 350 2064 rare
372 2002 527 2085 potuisse,
551 2006 678 2085 apparet
694 2023 729 2064 ex
747 2000 884 2064 oratione
901 1998 1098 2062 Theramenis
1114 1997 1170 2082 (II.
1184 2004 1215 2062 3.
1229 2002 1289 2076 39,
1301 2002 1372 2082 eqd,

284 2133 374 2194 quem
403 2111 534 2174 strictim
561 2111 634 2174 facit
658 2117 877 2174 memorantem
902 2130 1008 2171 necem
1033 2106 1160 2172 Leontis
1185 2116 1216 2172 et
1239 2108 1372 2173 Nicerati

285 2226 317 2282 et
339 2196 561 2302 Antiphontis,
586 2219 623 2283 de
647 2219 760 2303 quibus
784 2219 849 2302 ipse
872 2225 1021 2281 tacuerat.
1070 2217 1112 2281 111
1135 2218 1240 2282 omisit
1260 2227 1372 2302 praeter
1474 2276 1475 2309 3

285 2325 453 2390 Calliadem
478 2334 509 2390 et
528 2326 786 2391 Strombichidem
810 2326 1079 2411 Dionysodorum,
1104 2327 1371 2411 Archeptolemum

285 2435 370 2521 (Lys.
399 2439 449 2500 12.
476 2439 544 2521 67),
570 2438 759 2522 Autolycum
783 2436 887 2519 (Diod.
911 2435 1001 2500 XIV.
1027 2439 1068 2522 5).
1115 2435 1188 2499 Non
1212 2437 1320 2501 melius
1342 2458 1371 2498 se

283 2570 331 2610 res
362 2546 456 2610 habet
485 2547 518 2610 in
549 2546 697 2611 Diodoro.
744 2545 1002 2611 Strombichidem
1033 2546 1130 2609 virum
1155 2545 1235 2608 bello
1260 2547 1369 2609 clarum

282 2657 332 2740 (cf.
349 2656 447 2720 Thuc.
460 2656 552 2720 VIII.
580 2659 620 2719 62
645 2665 676 2721 11
699 2657 751 2741 al.)
780 2658 807 2720 si
836 2656 1012 2739 Xenophon
1036 2663 1067 2719 et
1090 2654 1247 2719 Diodorus
1271 2655 1370 2718 omise·
1475 2730 1476 2745 ἶ

283 2773 374 2842 runt,
411 2765 487 2848 quid
522 2765 671 2829 miramur
701 2766 728 2829 si
759 2765 970 2830 obscuriorum
998 2764 1160 2828 hominum
1190 2765 1317 2849 Agorati
1343 2770 1371 2825 et

283 2872 466 2938 Nicomachi
488 2873 575 2936 nulla
597 2873 680 2958 apud
703 2874 773 2938 illos
798 2874 913 2938 mentio
937 2873 1058 2937 exstat?

329 2983 470 3046 Sectione
499 2985 540 3045 28
572 2983 778 3068 legislatorem
803 3006 865 3046 una
888 3005 959 3047 cnm
982 2962 1172 3047 Nicomacho
1196 2983 1273 3047 dicit
1295 2983 1369 3045 Tisa

284 3114 409 3156 menum
432 3091 645 3156 Machanionis
669 3093 785 3170 filium;
810 3100 891 3157 recte
914 3094 1084 3157 secundum
1102 3093 1280 3179 psephisma
1295 3088 1371 3175 apud

284 3201 476 3265 Andocidem
503 3204 531 3264 1.
557 3205 617 3280 83,
641 3202 695 3266 ubi
718 3201 899 3266 Tisamenus
923 3203 1032 3266 tulisse
1054 3202 1171 3265 dicitnr
1186 3201 1225 3265 de
1241 3199 1372 3265 creandis

284 3310 482 3374 nomothetis.
530 3308 622 3389 Quod
647 3310 761 3374 ibidem
785 3310 1006 3375 Themistocles
1030 3318 1062 3374 et
1082 3310 1215 3374 Pericles
1237 3311 1311 3374 olim
1325 3329 1373 3372 no-

284 3420 437 3484 mothetas
461 3427 578 3483 creatos
602 3419 677 3483 dicit
700 3443 762 3483 non
786 3421 957 3505 imperitiae
981 3420 1111 3483 oratoris
1127 3420 1370 3492 adscribendum,

287 3529 341 3592 sed
365 3528 469 3592 studio
494 3529 638 3612 carpendi
661 3527 888 3593 Nicomachum
911 3552 966 3614 per
988 3529 1074 3592 illam
1097 3530 1331 3613 oppositionem.

330 3637 391 3700 Illa
419 3638 530 3722 igitur,
560 3660 639 3722 quae
661 3639 678 3722 1
704 3641 763 3716 11,
789 3640 850 3716 22,
876 3640 917 3699 28
943 3660 979 3700 ex
1002 3638 1095 3701 rebus
1117 3638 1297 3722 aequalibus
1319 3657 1372 3700 me·

285 3755 445 3811 morantur
476 3755 530 3810 aut
560 3745 685 3810 aliunde
708 3754 782 3810 nota
807 3753 897 3823 sunt,
923 3753 976 3809 aut
1000 3745 1089 3809 facile
1112 3768 1182 3809 cum
1206 3747 1372 3810 1111111111-

286 3856 383 3919 ciliari
413 3862 560 3939 possunt;
591 3854 710 3939 reliqua
733 3878 811 3938 quae
834 3877 905 3918 cum
929 3854 1058 3918 historia
1081 3861 1135 3918 aut
1157 3854 1371 3919 consuetudine

286 3963 419 4026 civitatis
447 3984 584 4047 pugnare
612 3963 754 4027 videntur
777 3972 867 4027 caute
889 3971 926 4027 ut
949 3963 1171 4041 adhibeantur,
1197 3965 1222 4027 si
1250 3964 1288 4027 de
1310 3981 1372 4026 auc·

286 4080 352 4136 tore
377 4079 559 4155 quaeratur,
584 4072 693 4136 suadet
712 4073 916 4157 exaggerandi
933 4072 1071 4137 studium
1087 4095 1158 4137 cum
1174 4072 1299 4156 reliquis
1315 4093 1373 4136 ora·

288 4180 408 4246 toribus
431 4179 540 4264 Lysiae
565 4204 735 4245 commune.
783 4183 919 4266 Aliquod
953 4182 1101 4246 haberent
1123 4190 1327 4258 momentum,
1349 4180 1372 4241 si

289 4293 380 4355 etiam
404 4291 548 4354 orationis
572 4291 669 4354 forma
691 4299 722 4354 et
742 4292 825 4354 color
841 4292 954 4355 bonum
973 4299 1122 4355 oratorem
1139 4292 1282 4355 dedecere
1298 4289 1372 4353 vide·

289 4409 383 4465 retur.
423 4400 483 4465 Res
503 4401 598 4485 igitur
618 4401 809 4484 potissimum
831 4401 960 4464 vertitur
979 4400 1011 4462 in
1029 4421 1166 4463 sermone
1183 4398 1371 4485 explorando.
