2958 5238
820 457 860 518 82

299 652 425 718 verteris
436 663 445 715 ι’
466 655 490 718 οἱ
513 653 667 734 τριάκοντα
691 653 799 734 πονηροὶ
821 655 875 734 μὲν
897 653 946 719 καὶ
971 651 1152 738 συκοφάνται
1178 651 1255 725 ὄντες
1278 644 1377 725 ciceia
1402 717 1406 726 ,

299 765 393 846 ἀρχὴν
423 765 623 848 κατέστησαν,
655 766 819 845 Φάσκσντες
834 792 836 801 >
849 766 878 831 δὲ
907 773 1013 848 χρῆναι
1038 773 1098 831 ,τῶν
1128 765 1231 830 άδίκοιν
1257 763 1377 844 καθαράν

299 885 415 951 ποιῆσαι
438 879 490 952 τὴν
512 880 605 942 πόλιν.
653 877 830 943 Placeretne
853 878 923 941 talis
948 876 1107 963 periodus:
1132 878 1156 941 οἱ
1175 877 1318 951 Ἕλληνες
1334 897 1378 938 το-

298 989 409 1064 λεμικοὶ
441 990 494 1066 μὲν
521 991 569 1053 καὶ
593 991 736 1069 εὐθαρσεῖς
759 990 836 1061 ὄντες
860 990 995 1068 οὐδεμίαν
1016 997 1076 1061 τοῖς
1098 988 1198 1060 άλλοις
1223 986 1379 1066 ὑπερβολὴν

297 1101 565 1181 καταλελοίπασιν,
593 1099 710 1178 οἰόμενοι
741 1101 770 1164 δὲ
798 1102 850 1175 τὴν
874 1106 929 1167 τῶν
952 1099 1110 1182 βαρβάρων
1132 1108 1188 1178 γῆν
1211 1099 1309 1169 αὐτοῖς
1332 1120 1381 1161 κα

297 1212 394 1285 τήκοον
417 1209 473 1305 Bata
496 1206 567 1275 εἶναι
590 1210 657 1272 -Ρ
692 1211 865 1293 Sentietup,
886 1212 1011 1297 opinor,
1029 1233 1123 1295 quam
1138 1210 1245 1294 inepta
1260 1209 1301 1272 sit
1316 1207 1381 1271 talis

297 1328 460 1386 structura.
496 1319 595 1400 Nam,
619 1346 658 1387 ne
681 1323 781 1387 dicam
801 1323 840 1387 de
858 1323 983 1388 insolito
999 1323 1161 1388 verborum
1177 1320 1301 1397 ordine,
1316 1341 1381 1413 con·

297 1441 344 1496 tra
375 1433 546 1517 legitimum
578 1456 668 1498 usum
691 1435 864 1519 iunguntur
887 1457 940 1520 per
963 1434 1016 1513 μέν
1041 1442 1071 1499 et
1093 1433 1141 1511 δέ,
1165 1453 1243 1516 quae
1268 1431 1382 1496 diversa

297 1545 414 1608 ratione
438 1544 476 1608 ad
500 1544 624 1609 verbum
647 1545 838 1624 referuntur,
864 1569 961 1630 quum
977 1546 1062 1631 prius
1079 1543 1200 1629 (πονηροὶ
1218 1542 1308 1626 ὄντες)
1321 1563 1381 1626 per-

298 1664 421 1740 petuam
453 1657 686 1741 proprietatem,
720 1657 850 1722 alterum
877 1655 1064 1742 (φάοκοντες)
1087 1656 1201 1729 factum
1225 1652 1381 1738 significet.

297 1765 384 1846 Quae
407 1788 503 1850 quum
527 1766 570 1829 ita
592 1767 672 1844 sint,
697 1767 838 1852 apodosis
862 1774 1016 1834 κτοιαΐιτα
1030 1766 1167 1844 λέγοντες
1182 1764 1279 1849 (quod
1296 1761 1380 1827 hodie

295 1878 407 1940 omisso
431 1877 479 1941 καὶ
503 1877 565 1940 fere
587 1885 743 1963 receptum
767 1883 825 1964 est)
847 1880 980 1964 incipere
1003 1878 1129 1963 nequit,
1154 1876 1206 1941 sed
1226 1876 1325 1939 oratio
1340 1874 1379 1937 sic

295 1989 450 2052 cohaeret:
475 1990 571 2064 ἐπειδὴ
593 1991 624 2054 δὲ
646 1992 668 2054 οἱ
691 1989 845 2071 τριάκοντα
867 1992 976 2072 τονκροὶ
992 1992 1046 2069 μὲν
1065 1988 1145 2061 ὄντες
1167 1987 1380 2068 clarissimis

295 2099 500 2175 κατέστησαν,
524 2100 688 2179 Φάσκοντες
711 2103 741 2166 δὲ
763 2112 868 2184 χρῆναι
890 2108 946 2167 τῶν
964 2102 1068 2167 άδίκοιν
1084 2099 1278 2186 (damas)
1298 2099 1383 2164 καάα-

296 2213 346 2290 οάν
376 2219 492 2285 ποιῆσαι
520 2214 571 2286 τὴν
594 2211 677 2276 πόλιν
701 2215 732 2277 οὐ
755 2219 878 2278 τοιαῦτα
901 2220 990 2278 ποιεῖν
1011 2213 1157 2294 ἐτόλμων,
1182 2232 1261 2294 qnae
1289 2208 1383 2273 oratic

296 2320 438 2406 deinceps
469 2343 532 2384 non
563 2323 778 2401 continuatum
807 2331 853 2388 est
875 2346 972 2408 genus
994 2322 1073 2386 illud
1097 2321 1327 2398 anacoluthiae,
1350 2319 1380 2381 in

294 2453 356 2514 quo
387 2431 528 2515 apodosis
560 2433 730 2511 omittitur,
754 2433 837 2518 quod
862 2434 992 2519 protasis
1017 2441 1141 2518 propter
1163 2432 1379 2517 explicationes

294 2544 475 2607 necessarias
514 2544 604 2608 nimis
639 2546 779 2610 excrevit.
835 2545 918 2609 Dum
948 2566 1026 2629 quac
1057 2543 1226 2608 omittenda
1255 2543 1377 2607 minime

293 2662 366 2718 sunt
397 2656 532 2719 animum
560 2648 715 2740 scriptoris
739 2655 890 2731 subeunt,
915 2655 963 2719 his
986 2654 1025 2718 de
1047 2654 1204 2740 proposito
1227 2654 1377 2740 abductus

293 2772 477 2829 structuram
508 2766 683 2830 inchoatam
711 2767 873 2851 relinquit3
898 2767 1038 2852 pluribus
1061 2788 1097 2830 ea
1121 2771 1300 2851 persecutus
1322 2763 1378 2848 Ly·

293 2875 351 2937 sias
383 2877 429 2959 (ὡς
457 2915 503 2924 -
533 2877 718 2963 πειράσομαι)
750 2901 827 2962 quae
858 2879 891 2941 in
921 2878 1037 2962 protasi
1059 2883 1277 2962 proposuerat,
1301 2872 1376 2940 illud

292 2985 376 3069 quod
398 2987 430 3050 in
455 2988 581 3073 epodosi
603 2988 780 3074 ponendum
805 2996 868 3054 erat
890 2989 951 3053 iam
976 2990 1008 3053 in
1031 2989 1147 3073 protasi
1169 2994 1374 3072 occupaverat.

291 3096 479 3166 Huiusmodi
503 3099 685 3164 anacolutha
709 3100 791 3184 apud
814 3101 975 3164 Platonem
997 3122 1052 3184 pro
1076 3099 1216 3164 liberiore
1230 3097 1375 3183 loquendi

275 3232 400 3295 -gencre
423 3220 496 3289 sunt
518 3211 690 3297 frequentia
696 3239 706 3289 3
730 3212 922 3277 luculentum
945 3211 1117 3296 exemplum
1129 3218 1176 3276 est
1190 3210 1306 3275 Phaed.
1325 3213 1372 3273 86.

291 3323 320 3384 A
327 3348 336 3397 ;
369 3322 457 3407 plura
484 3323 510 3385 si
534 3324 602 3405 quis
626 3345 663 3386 ex
685 3322 814 3387 Platone
837 3323 989 3387 desideret
1012 3322 1153 3387 consulat
1175 3321 1372 3405 Engelhardt,

291 3432 563 3497 Anacoluthiarum
582 3434 810 3499 Platonicorum
829 3457 907 3520 spec.
924 3434 977 3498 HI
992 3433 1139 3518 (Gadani,
1160 3435 1256 3518 1845)
1271 3457 1301 3518 p.
1316 3435 1371 3508 44,

291 3543 365 3608 XII.
416 3544 612 3630 Intellegitur
641 3553 745 3611 tamen
776 3545 949 3610 istiusmodi
980 3545 1206 3630 neglegentiam
1236 3545 1268 3608 in
1293 3542 1371 3608 omni

291 3647 485 3719 commotiore
515 3679 652 3721 sermone
680 3664 781 3743 aptam
804 3679 869 3721 esse
891 3678 978 3742 posse
985 3683 995 3734 ;
1020 3655 1058 3720 cl.
1084 3678 1120 3719 ex
1142 3654 1235 3740 Lysia
1260 3656 1288 3717 1.
1313 3656 1370 3728 40,

293 3766 343 3828 12.
376 3768 428 3829 38.
475 3765 535 3830 Sed
570 3790 664 3853 quum
687 3774 886 3853 persuasura
910 3766 1072 3853 (λέγοντες)
1095 3771 1268 3829 resumatur
1291 3759 1370 3848 quod

289 3874 386 3938 fusius
417 3875 534 3942 dietum
561 3870 650 3943 anteri
673 3885 755 3955 erat,
779 3901 842 3942 non
863 3877 913 3943 καὶ
936 3883 1061 3942 τοιαῦτα
1084 3878 1131 3960 (ut
1153 3876 1224 3942 libri
1246 3874 1370 3953 habent)

289 3985 424 4064 λέγοντες
455 3992 486 4054 οὐ
516 3995 640 4055 τοιαῦτα
667 3989 848 4075 legendum,
873 3987 926 4052 sed
948 3986 997 4051 καὶ
1017 3986 1058 4051 τά
1076 3992 1216 4069 τοιαῦτα,
1236 3985 1369 4062 λέγοντες
1471 4054 1472 4057 ,

288 4096 313 4160 δ’
331 4099 363 4161 οὐ
384 4104 517 4164 τοιαῦτα.
542 4100 642 4163 Acute
666 4098 817 4165 Cobetus:
841 4100 933 4163 καίτοι
956 4104 1056 4163 ταῦτα
1078 4097 1229 4175 λέγοντες,
1254 4095 1307 4159 sed
1328 4095 1368 4157 ita
1471 4120 1472 4139 ³

288 4206 317 4270 δέ
341 4217 410 4292 post
432 4209 596 4292 φάσκοντες
620 4211 710 4275 etiam
734 4209 938 4275 omittendum
960 4219 1015 4273 est.

331 4319 348 4403 d
373 4321 424 4383 19.
469 4327 522 4393 τῆς
544 4321 604 4402 γάρ
626 4322 820 4401 Πολεμάρχου
843 4321 978 4399 γυναικὸς
1001 4325 1125 4401 auerte
1145 4319 1311 4394 ἑλικτῆρας,
1325 4308 1367 4385 οὓς

289 4428 388 4508 ἔχονσ’
412 4431 596 4512 ἐτύγχανεν,
620 4416 667 4496 ira
689 4432 723 4498 τὸ
747 4439 855 4514 πρῶτον
878 4427 959 4505 ἦλθεν
979 4433 1018 4504 εἰς
1034 4432 1085 4505 τὴν
1100 4431 1189 4494 οἰκίαν
1205 4427 1364 4506 Μηλόβιος,
