3002 5240
805 440 847 500 48

290 637 427 702 Praestat
449 645 553 702 notare
578 661 629 716 ea,
655 660 732 721 quae
755 661 816 701 non
840 646 903 701 tam
918 640 949 701 in
965 638 1102 722 linguam
1119 645 1261 723 peccant,
1278 659 1368 721 quam

287 749 365 812 male
388 749 595 814 demonstrata
619 757 693 814 sunt
716 750 920 819 structorem
944 759 1088 834 arguunt.

333 859 552 924 Declamatoris
564 869 610 925 est
621 861 759 924 refercire
772 862 939 924 orationem
952 861 1042 925 rebus
1056 861 1161 925 alienis
1174 861 1228 925 sed
1240 881 1371 944 „magna

288 971 470 1035 sonaturis.”
517 971 566 1034 Ita
588 970 722 1035 exsultat
745 970 835 1035 homo
860 981 963 1036 noster
986 972 1019 1036 in
1041 972 1197 1036 mentione
1221 971 1370 1056 Areopagi

288 1083 304 1165 q
337 1084 393 1158 14,
425 1103 490 1165 sqq.
534 1079 597 1144 Vos
612 1152 614 1159 ‚
629 1089 766 1166 oportet3
799 1081 918 1166 inquit,
952 1082 1039 1146 aliter
1063 1083 1100 1147 de
1123 1083 1182 1147 reis
1205 1082 1373 1146 manifestis

289 1193 560 1277 (ὁμολογησάντων),
585 1192 673 1257 aliter
696 1193 734 1256 de
757 1193 813 1271 iis,
838 1194 892 1278 qui
915 1203 1029 1279 negant
1052 1218 1083 1258 se
1110 1176 1274 1278 deliquisse
1297 1192 1374 1258 iudi-

289 1326 366 1367 care.
412 1305 511 1369 Καίτοι
535 1305 583 1369 καί
609 1306 637 1369 ἕν
661 1305 758 1385 Ἀρείῳ
781 1305 883 1386 τίνῳ,
909 1307 937 1370 ἕν
960 1309 1000 1386 τῷ
1018 1306 1186 1386 σεμνοτάτῳ
1204 1305 1253 1370 καί
1274 1306 1375 1369 δικαιο·

289 1415 369 1497 τοίτῳ
384 1416 567 1496 δικαστηρίῳ,
589 1417 734 1492 ὁμολογῶν
753 1416 806 1494 μὲν
827 1417 957 1500 (requiro
981 1417 1065 1492 ίμὲν
1088 1418 1149 1500 ὀμ.)
1171 1416 1278 1481 aaran
1302 1416 1374 1480 οίτο·

289 1529 397 1603 θνήσκει
404 1577 413 1610 ,
445 1528 495 1592 εὀὶν
526 1527 549 1591 δ’
573 1527 751 1609 dumalias&
774 1526 946 1607 ἐλέγχεταα
993 1527 1081 1590 Nihil
1105 1528 1207 1592 estin
1231 1528 1296 1604 his,
1323 1549 1375 1590 cur

289 1648 350 1702 tam
382 1639 578 1722 magnificum
607 1639 759 1723 Areopagi
790 1639 985 1722 praeconium
1008 1640 1198 1724 proferatur3
1223 1661 1278 1702 nec
1303 1661 1375 1701 sane

291 1751 415 1826 mirum,
441 1749 494 1834 qui
520 1756 611 1834 neget
634 1772 665 1812 se
690 1749 875 1813 malefecisse
899 1750 1058 1834 redargui,
1083 1758 1137 1814 aut
1165 1760 1262 1814 morte
1284 1750 1377 1835 plecti

292 1863 346 1946 qui
373 1860 501 1946 capitale
532 1861 645 1924 crimen
677 1884 708 1924 sc
741 1862 928 1926 commisisse
958 1862 1100 1926 fateatur.
1153 1862 1254 1945 Magis
1284 1856 1375 1925 etiam
1413 1894 1418 1913 ·

292 1975 368 2038 mira
391 1980 467 2036 esset
491 1971 565 2035 haec
587 1970 672 2047 laus,
697 1971 723 2034 si
748 1971 958 2036 subiunxisset
982 1972 1111 2057 scriptor
1133 1972 1212 2035 illud
1236 1972 1321 2056 quod
1342 1994 1378 2035 ex

291 2083 425 2148 Lobecki
459 2083 632 2146 coniectura
661 2104 744 2146 nunc
777 2082 995 2167 subiungitur:
1029 2083 1078 2146 καί
1109 2083 1271 2148 οίιιολύεται
1301 2083 1378 2147 οὐδὲν

291 2196 375 2273 δόξας
405 2196 521 2260 οίδικεῖν.
568 2193 653 2274 Quid
684 2196 766 2263 enirn
796 2196 864 2279 quis
898 2195 982 2258 aliud
1014 2218 1031 2258 a
1060 2196 1166 2279 quovis
1191 2199 1379 2281 exspectaret

290 2306 426 2372 iudicio?
472 2306 531 2370 Sed
554 2307 620 2370 fieri
643 2315 763 2392 potest,
789 2315 824 2371 ut
847 2308 879 2371 in
903 2308 1002 2379 uerbis
1026 2280 1176 2392 corruptis
1199 2308 1247 2370 καί
1268 2309 1378 2369 πολλοῦ

289 2420 350 2484 οὐδὲ
380 2416 464 2494 δόξαν
491 2419 597 2483 οίδικεῑν
624 2418 693 2481 talis
718 2419 869 2482 sententia
892 2419 986 2483 lateat
1008 2418 1068 2483 aa}
1093 2419 1221 2483 πολλοὶ
1245 2418 1295 2491 ἤδη
1320 2419 1377 2494 οὐχ

291 2529 523 2608 ὁμολογήσαντες
547 2530 614 2593 οὐδ’
636 2529 760 2607 ἔδοξαν
783 2530 936 2606 οὶδικεῖν,
957 2528 1070 2608 „multi
1090 2529 1164 2593 adeo
1185 2528 1268 2612 quod
1287 2548 1377 2611 nega-

292 2648 419 2719 „verant
442 2664 473 2705 se
496 2663 634 2724 peccasse
658 2641 789 2705 absoluti
815 2641 926 2718 sunt,''
950 2641 1032 2706 unde
1055 2649 1136 2705 certe
1160 2640 1237 2704 effici
1259 2646 1375 2724 posset,

293 2760 408 2836 quanta
432 2753 475 2814 vis
499 2752 531 2815 in
553 2753 607 2815 illo
630 2752 746 2816 iudicio
770 2752 952 2817 confessioni
976 2751 1106 2816 adscribi
1129 2752 1248 2816 soleret.
1277 2749 1319 2812 Dt
1335 2750 1377 2812 sie

293 2886 361 2926 cum
397 2862 500 2946 aliqua
534 2863 632 2947 specie
665 2863 839 2927 dicerentur
868 2885 946 2946 quae
977 2872 1165 2947 sequuntur:
1193 2862 1289 2926 οὔκουν
1320 2861 1376 2941 χρὴ

293 2975 391 3051 ὁμοίαν
414 2975 531 3051 γνώμην
554 2968 633 3054 ἔχειν
657 2973 724 3053 περί
744 2999 778 3038 τε
800 2981 855 3038 τῶν
875 2975 1048 3053 οίονονμένων
1068 2975 1116 3038 καί
1136 2981 1191 3039 τῶν
1210 2975 1378 3051 ὁμολογούν·

292 3109 357 3150 τιον.
405 3083 579 3148 Sententiae
603 3086 778 3170 propositae
801 3085 965 3170 respondet
983 3084 1073 3149 lectio
1093 3084 1185 3148 Laur.
1206 3085 1254 3149 καί
1275 3084 1376 3149 πολλοὶ

293 3194 349 3261 οὐδ’
368 3193 466 3271 ἔδοξαν
482 3196 606 3278 οίδικεῖν,
621 3218 711 3279 quam
724 3219 823 3261 veram
836 3204 890 3260 aut
903 3219 972 3260 vero
985 3197 1158 3285 propiorem
1170 3196 1272 3260 iudico
1285 3217 1375 3280 quam

293 3314 452 3392 receptam.
492 3304 558 3369 Nec
584 3314 686 3371 tamen
709 3330 787 3392 nego
811 3309 885 3371 haec
909 3308 1037 3371 obscure
1060 3307 1142 3371 dicta
1165 3330 1247 3384 esse3
1265 3315 1376 3371 totum·

231 3454 234 3461 ι
264 3502 271 3507 ,
295 3440 354 3502 que
370 3418 452 3481 hunc
468 3417 568 3482 locum
585 3418 622 3482 de
639 3419 798 3503 Areopago
815 3419 854 3483 ad
864 3419 1048 3498 „ambitiosa
1059 3419 1257 3482 ornamenta''
1268 3419 1372 3482 refero.

340 3527 447 3592 Nihilo
471 3530 567 3612 magis
591 3538 661 3614 apta
681 3526 733 3594 est'
742 3531 963 3615 argumentatio
980 3530 1017 3594 de
1034 3531 1166 3614 Diagora
1181 3530 1275 3594 Melio
1291 3532 1308 3615 q
1346 3531 1373 3592 7.

297 3639 485 3717 Andocides,
517 3641 635 3725 inquit,
667 3643 763 3726 magis
796 3643 885 3706 etiam
909 3643 1021 3727 impius
1045 3650 1090 3706 est
1114 3663 1203 3725 quam
1229 3641 1375 3723 Diagoras

296 3749 425 3829 Melius3
458 3752 508 3815 hic
539 3753 619 3816 enim
650 3753 779 3838 deliquit
807 3754 839 3817 in
864 3753 935 3817 deos
960 3753 1091 3829 alienos,
1116 3753 1173 3815 iste
1196 3753 1228 3815 in
1252 3749 1373 3836 patrios.

297 3861 480 3942 Ὀργίζοσίαι
511 3859 566 3928 οὖν
596 3867 671 3946 χρή,
700 3861 840 3944 deludam
863 3865 1024 3942 Ἀθηναῖοι,
1049 3871 1107 3934 τοῖς
1131 3867 1229 3934 οὶστοΐς
1252 3863 1374 3927 οἷδικοῦσι

297 3977 413 4051 μᾶλλον
433 3974 449 4050 ἢ
469 3981 528 4046 τοῖς
548 3973 634 4051 ξένοις
653 3975 714 4056 περὶ
734 3981 834 4040 ταῦτα
849 3977 889 4040 τίν
906 3975 984 4056 ἱεροί,
1001 3976 1120 4058 „magis
1136 3973 1231 4058 igitur
1247 3995 1299 4035 vos
1316 3992 1376 4033 sus·

298 4106 452 4162 „censere
465 4093 585 4170 oportet
607 4086 724 4150 civibus
748 4087 945 4171 peccantibus
968 4086 1001 4149 in
1025 4086 1099 4149 hace
1123 4107 1207 4147 sacra
1223 4105 1313 4168 quarn
1330 4102 1376 4165 pe·

298 4195 479 4280 „regrinis”
525 4195 604 4275 Quis
632 4199 776 4281 estquin
800 4197 902 4262 videat
925 4197 999 4261 liaeo
1023 4193 1101 4260 male¹
1125 4196 1269 4259 conclusa
1292 4188 1375 4257 esse?

298 4307 347 4370 Sic
386 4308 466 4371 enim
503 4307 663 4391 procedere
695 4307 823 4373 debebat
855 4308 1096 4392 argumentatio:
1130 4328 1183 4370 vos
1214 4306 1373 4389 Diagoram

298 4419 488 4502 peregrinum
514 4418 693 4502 punivistis;
718 4404 805 4482 cives·
821 4425 918 4484 ααίοια
940 4419 972 4481 in
991 4440 1073 4481 sacra
1097 4439 1151 4480 sua
1167 4416 1373 4499 delinquentes
