2958 5238
109 694 194 770 τρίτον
223 690 331 763 παντός
361 690 526 769 iudicans,
558 690 769 776 Erasiphontis
802 699 833 755 et
846 708 849 723 ·
862 689 1004 754 Eratouis
1035 688 1184 772 (iunioris)

109 801 313 879 bona-mittit,
338 802 514 866 Erasistrati
536 802 681 866 vindicat.

147 914 286 1000 Denique
309 913 347 977 de
370 913 500 977 lectione
523 912 743 977 constituenda
762 912 908 997 quaedam
932 912 1021 976 addo.

147 1025 163 1108 p
185 1027 214 1088 3.
258 1023 334 1097 Ἔνος
358 1026 449 1090 τοίνυν
472 1025 485 1089 ὁ
509 1025 636 1104 Έροίτοον
662 1024 729 1109 ἔζη,
754 1026 819 1096 τούς
842 1049 874 1088 τε
897 1023 995 1095 τίκους
1017 1023 1183 1099 οίτελοίρ-

106 1135 205 1211 βανον
228 1138 294 1213 ἐγὼ
317 1137 376 1200 καί
399 1131 525 1201 τᾶλλα
546 1138 593 1201 τὰ
616 1137 850 1214 συγκείμενα.
886 1134 1087 1199 Marklandus
1103 1133 1192 1197 κατα·

107 1244 142 1310 τίς
163 1247 359 1325 συγκείμενοι,
387 1270 477 1332 quem
500 1248 645 1312 refutavit
666 1247 822 1325 Dobreus,
845 1269 971 1311 monens
990 1252 1109 1331 praeter
1124 1244 1183 1308 foe-

107 1379 158 1421 nus
174 1359 265 1423 etiam
285 1358 344 1423 alia
359 1360 485 1424 concedi
502 1361 656 1445 potuisse,
669 1361 754 1425 velut
765 1360 855 1445 agelli
870 1361 1004 1424 fructum
1019 1358 1067 1422 vel
1081 1379 1180 1420 usum.

105 1470 158 1533 Kal
179 1471 309 1555 probum
332 1494 396 1534 esse
419 1470 611 1535 demonstrat
633 1471 665 1536 τί
689 1479 759 1535 ante
781 1471 889 1543 τόκους.
928 1469 987 1533 Sed
1009 1470 1042 1533 in
1058 1490 1184 1551 sequen-

105 1579 182 1644 tibus
210 1581 275 1645 iure
298 1581 424 1666 pluralis
449 1588 495 1645 est
518 1584 603 1659 ἡμῖν,
636 1584 666 1645 οὐ
693 1582 805 1647 δυνατοί
830 1577 919 1659 ἦμενς
942 1580 1079 1665 loquitur
1102 1578 1182 1642 enim

106 1690 139 1753 de
167 1714 198 1755 se
231 1701 262 1757 ct
284 1700 388 1777 patre,
413 1695 501 1758 cuius
525 1694 645 1779 proprie
669 1702 733 1757 erat
756 1694 907 1779 percipere
929 1693 1063 1769 fructus3
1080 1691 1183 1773 itaque

106 1802 151 1865 hic
172 1811 279 1888 postca
301 1827 371 1868 cum
394 1804 575 1868 Erasistrato
599 1811 696 1868 certat
719 1805 832 1888 (λαχὼν
855 1806 868 1869 ὁ
891 1804 987 1882 πατὴρ
1012 1803 1120 1873 παντὸς
1132 1807 1182 1865 τοῦ

14 1976 15 1979 ,
106 1914 303 1999 συμβολαίου).
337 1914 431 1999 Ergo
463 1915 618 2000 probabile
642 1922 686 1979 est
711 1923 779 2000 post
800 1916 858 1991 ε’γίν
882 1915 975 1998 patris
999 1913 1183 1976 mentionem

106 2024 210 2090 factam
241 2026 352 2090 fuisse:
381 2027 429 2091 καὶ
451 2029 586 2107 ὃτατήρ.
633 2026 755 2091 Excidit
782 2028 796 2090 ί
823 2032 862 2107 τ’τρ
884 2025 963 2090 inter
986 2025 1099 2110 duplex
1121 2024 1180 2087 καί.

143 2137 210 2220 §h
255 2138 326 2204 “Ort
358 2141 411 2222 (τα
437 2137 604 2224 Ἐροίτοονος)
628 2140 728 2204 τοίντα
751 2140 921 2223 δημεύεται,
946 2139 1035 2222 ῥρίδνον
1059 2137 1181 2221 (εἰδέναι)

104 2245 133 2322 ἐξ
146 2252 306 2315 αὐτῶντῶν
318 2254 516 2333 οίτογραφῶν·
536 2261 611 2332 τρεῖς
630 2254 689 2332 γαρ
708 2251 767 2316 καί
787 2251 964 2331 τέτταρες
983 2247 1097 2314 ἕκαστα
1109 2249 1183 2312 σίτο-

104 2361 279 2443 γεγροίφασν.
320 2361 497 2427 Notandum
521 2373 597 2449 puto
619 2365 671 2429 καί
693 2366 773 2428 inter
792 2363 958 2428 numeralia
974 2361 1109 2447 positum
1127 2381 1182 2443 pro

104 2469 134 2552 ί,
156 2481 192 2536 ut
215 2473 297 2558 apud
320 2473 485 2538 Homerum
508 2476 540 2539 iu
564 2485 636 2538 noto
660 2476 714 2539 illo
737 2476 833 2548 τουςδε
863 2475 943 2541 ata
969 2472 1108 2555 Φίονύίενν
1132 2468 1182 2534 ἕνα

104 2581 147 2645 καί
169 2584 233 2658 δύο,
259 2580 340 2669 quod
364 2592 464 2650 tamen
488 2586 538 2650 hic
561 2588 662 2650 minus
687 2594 810 2672 aptum3
834 2587 878 2650 ita
901 2587 980 2650 cuim
996 2585 1179 2668 loquuntur,

104 2692 151 2757 ubi
172 2717 318 2759 numerus
341 2719 403 2760 non
426 2705 564 2761 accurate
580 2698 677 2761 initur
693 2705 746 2762 aut
762 2720 816 2783 per
831 2704 1017 2760 contemtum
1035 2693 1178 2758 elevatur.

105 2800 250 2868 Neutrum
274 2806 306 2869 in
330 2806 470 2892 diligenti
493 2808 748 2872 demonstratione
772 2814 873 2893 potest
897 2806 1027 2870 admitti.
1070 2802 1180 2887 Neque

106 2916 291 3000 comparandi
323 2926 396 2981 sunt
425 2918 501 2998 loci,
534 2921 566 2984 in
598 2921 711 3005 quihus
735 2920 878 2984 demone
903 2918 1035 3003 quodam
1059 2925 1089 2981 ct
1112 2938 1181 2980 con·

105 3026 260 3091 suetudine
284 3028 402 3112 agitur,
427 3039 481 3094 aut
504 3031 541 3095 de
564 3054 599 3095 eo
623 3032 704 3117 quod
730 3031 789 3094 alio
812 3037 947 3114 tempora
963 3029 1051 3093 aliter
1066 3029 1180 3092 sactum

105 3146 161 3214 est,
184 3147 220 3203 ut
243 3140 331 3204 Dem.
355 3141 435 3205 Phil.
459 3143 485 3205 I.
511 3143 558 3228 (4)
582 3147 641 3209 47:
667 3151 721 3209 τῶν
744 3147 915 3223 στρατηγῶν
938 3138 1059 3212 ἕκαστος
1076 3140 1116 3212 δίς
1130 3139 1178 3203 καί

104 3249 158 3327 τρίς
186 3253 309 3331 κρίνεται
341 3253 406 3334 (alii
437 3252 504 3329 bis,
537 3253 589 3317 alii
616 3255 705 3317 etiam
727 3257 794 3338 ter).
841 3230 919 3316 Xan.
944 3251 1042 3315 Anah.
1067 3250 1122 3314 IV.
1150 3253 1178 3316 7.

107 3359 159 3423 lo:
184 3363 352 3443 προέτρεχεν
376 3364 422 3428 δύο
445 3364 494 3428 καί
517 3365 583 3444 τρία
607 3366 750 3448 βήματα,
776 3363 855 3448 quod
874 3364 917 3427 sic
933 3363 1023 3428 debet
1039 3361 1178 3438 defendi,

104 3478 137 3532 ut
158 3473 239 3538 dicas
264 3474 484 3539 Callimachum
509 3475 600 3539 modo
625 3475 718 3553 duos,
747 3476 836 3540 modo
860 3485 921 3539 tres
944 3497 1050 3560 passus
1075 3495 1181 3559 procu·

105 3584 235 3649 cunisse.
284 3585 370 3665 Quae
401 3610 462 3650 non
494 3587 669 3651 advocarem
699 3588 758 3651 nisi
788 3587 917 3651 Wexius
948 3586 986 3649 ad
1009 3585 1079 3657 Tac.
1104 3588 1178 3668 Agr.

105 3712 130 3773 p.
157 3697 195 3758 30
228 3718 264 3759 ea
294 3718 364 3760 cum
395 3706 498 3759 nostro
522 3697 589 3761 loco
613 3706 817 3783 compararet;
844 3698 931 3761 cuius
955 3696 1179 3782 explicatioris

105 3803 153 3876 μὲν
181 3814 268 3889 τρεῖς,
297 3807 337 3871 τοί
360 3807 389 3871 δὲ
416 3808 554 3887 τέτταρες
582 3810 817 3890 οίτογεγροίφασν
839 3809 906 3872 loeo
930 3831 991 3872 non
1015 3808 1177 3884 satisfacit3

105 3931 170 3976 nam
193 3920 218 3982 si
241 3919 379 4003 singulae
402 3919 581 4000 οίτογραφαί
604 3928 721 4005 partem
745 3919 893 3984 bonorum
917 3919 1089 4004 complexae
1108 3919 1180 3982 fuis-

106 4031 183 4102 sent,
214 4051 302 4112 aegre
332 4029 482 4113 potuisset
513 4030 723 4093 universorum
754 4053 895 4095 recensus
927 4054 963 4095 ex
992 4030 1030 4095 iis
1062 4031 1177 4095 confici.

106 4128 161 4195 Sed
182 4140 252 4202 satis
277 4138 313 4201 de
336 4139 403 4202 hoc.
449 4139 530 4203 Mihi
554 4115 674 4203 videtur
697 4141 713 4216 ἥ
741 4140 858 4205 dedisse
881 4140 1004 4226 Lysias,
1026 4141 1086 4204 nisi
1101 4141 1178 4205 forte

106 4247 219 4332 gravius
253 4250 341 4313 ulcus
376 4250 460 4314 latet.
508 4250 667 4315 Scheibius
706 4252 738 4315 in
769 4275 869 4336 progr.
902 4252 1012 4338 Gymn.
1044 4252 1179 4316 Carolini

108 4351 309 4444 (Neustrelitz)
337 4363 419 4424 1852
444 4385 473 4446 p.
502 4363 539 4424 15
564 4363 615 4425 καί
637 4361 782 4425 defendit.

149 4464 254 4533 Statim
284 4472 420 4555 sequitur
450 4471 535 4535 locus
567 4495 584 4536 a
614 4472 720 4537 multis
747 4479 897 4537 tentatus:
921 4475 1014 4538 καίτοι
1037 4473 1123 4541 τοῦτο’
1142 4499 1179 4552 γε
