3002 5240
645 493 683 558 17

131 713 163 754 ex
185 692 429 777 opportunitate,
454 715 515 778 qua
538 692 620 757 dicta
642 692 772 769 fuerint,
797 692 895 757 lucem
911 694 1044 778 accipere
1060 693 1203 779 patuisse.

129 801 182 866 Sed
204 803 408 888 simplicitatis
431 805 650 888 tenuitatisque
674 803 739 868 laus
763 803 821 867 hoc
845 813 925 867 certe
948 803 1139 888 postulabat,
1171 813 1205 868 ut

129 912 251 977 breviter
285 913 323 978 de
353 936 399 992 re,
432 937 511 999 quae
541 915 573 979 in
602 915 667 978 iure
698 922 885 991 versaretur,
910 924 1126 999 exponeretur,
1150 924 1204 979 aut

127 1024 178 1088 snb
195 1024 287 1089 finem
307 1034 388 1090 certe
404 1024 642 1111 intellegeretur,
664 1024 739 1109 quid
755 1023 945 1111 potissimum
962 1033 1063 1088 orator
1081 1025 1203 1090 demon-

127 1144 252 1199 strasset.
301 1135 383 1200 Nolo
413 1159 621 1223 praesumere,
649 1158 727 1221 quae
750 1135 829 1200 infra
851 1136 949 1200 fusius
972 1135 1202 1216 demonstrabo,

125 1269 217 1330 neque
240 1254 288 1311 est
302 1247 384 1312 ,haec
406 1271 454 1313 res
476 1249 538 1314 ὁδοῦ
561 1248 703 1329 πάρεργον
725 1247 938 1332 pertractanda
945 1275 955 1326 3
987 1248 1040 1313 sed
1062 1247 1138 1312 mihi
1161 1234 1205 1312 ita
1239 1292 1242 1297 -

125 1356 213 1421 videri
228 1357 326 1436 solet,
351 1358 504 1424 hominem
521 1381 670 1424 consensu
685 1381 703 1422 a
718 1360 870 1424 veteribus
886 1360 1071 1424 celebratam
1081 1365 1204 1444 propter

125 1469 367 1553 perspicuitatem
386 1492 449 1535 non
461 1471 597 1556 potuisse
612 1479 675 1534 tam
692 1470 813 1534 turbate
829 1469 928 1533 dicere
943 1478 1034 1554 atque
1049 1470 1082 1533 in
1097 1468 1203 1534 multis

124 1580 307 1645 orationibus
329 1581 444 1647 factum
468 1582 615 1647 videmus.
662 1581 783 1667 Inspice
806 1580 989 1666 Dionysium
1012 1580 1050 1644 de
1072 1579 1143 1665 Lys.
1161 1584 1200 1643 4:

124 1692 211 1769 τρίτην
238 1693 343 1772 ἄρετην
370 1693 575 1774 ἀποφαίνομαι
603 1693 666 1773 περὶ
697 1692 746 1757 τὸν
776 1691 866 1771 ἄνδρα
895 1693 946 1765 την
970 1691 1148 1772 σοφήνειοιν,
1171 1694 1203 1756 οὐ

123 1803 199 1877 μόνον
221 1804 276 1878 την
298 1805 328 1868 ἕν
342 1811 401 1876 τοῖς
418 1805 570 1882 ὀνόμασιν,
591 1805 675 1869 ἀλλὰ
698 1803 748 1868 sel
770 1805 822 1877 την
842 1805 870 1867 ἑν
886 1810 944 1874 τοῖς
960 1802 1142 1883 πράγμασιν.
1158 1839 1202 1851 -

123 1920 178 1987 Τῆς
204 1914 260 1991 μὲν
284 1914 451 1979 Θουκυδίδου
474 1914 578 1991 λέξεως
599 1915 648 1979 κον)
673 1914 887 1992 Δημοσθένους,
910 1910 936 1978 οἳ
957 1912 1109 1978 δεινότατοι
1133 1912 1204 1994 προὶ-

122 2024 213 2102 preest
234 2024 358 2101 ἐξειπεῖν
378 2026 523 2101 ἐγένοντο,
544 2027 644 2090 πολλοὶ
663 2024 824 2097 δυςείκιιστ’
843 2025 900 2089 ἔσθ’
919 2028 988 2102 ἡμῖν
1011 2024 1061 2088 acl
1080 2026 1202 2108 οὶσοιφῆ,

122 2135 165 2198 nal
187 2136 313 2214 δεόμενοι
334 2135 477 2214 ἐξηγητοῦ
483 2185 492 2214 ,
518 2140 535 2212 ἡ
558 2138 588 2200 δὲ
606 2138 714 2202 Λυσίου
734 2134 813 2213 λέξις
832 2133 927 2201 ὅποτ’
945 2136 1006 2202 ἔστι
1026 2135 1141 2217 Φοινιροὶ
1152 2134 1202 2199 aa}

122 2248 215 2326 σσφης
240 2249 292 2312 aa>
314 2250 355 2328 τῷ
375 2248 452 2311 πάνυ
476 2248 564 2329 reddin
587 2249 710 2314 δοκοῦντι
734 2254 886 2313 πολιτικῶν
904 2247 1074 2329 dorcam
1096 2247 1199 2323 λόγον.

123 2355 175 2420 His
198 2358 271 2442 quis
294 2358 387 2422 hodie
409 2359 630 2424 subscriberet?
654 2359 830 2442 Ambigitnr
845 2359 876 2422 in
891 2358 997 2422 multis
1013 2356 1200 2421 orationibus

104 2467 155 2530 ·de
183 2492 246 2553 qua
277 2477 382 2552 γραφη
415 2479 539 2555 agatur,
570 2471 643 2555 quid
674 2469 838 2555 deliquerit
865 2470 988 2534 tandem
1010 2491 1098 2548 reus,
1122 2489 1200 2553 quae

122 2600 213 2662 poena
235 2580 412 2676 immineat,
438 2581 560 2666 quando
583 2582 680 2646 oratio
703 2581 786 2647 dicta
808 2582 865 2659 sit,
890 2603 965 2646 num
987 2581 1027 2644 sit
1047 2580 1202 2659 δευτερολο-

121 2690 183 2772 νισι,
201 2713 242 2754 an
258 2689 441 2770 τριτολογίοι,
459 2714 497 2756 an
513 2691 661 2777 epilogus.
686 2692 808 2770 Maiori,
826 2691 1020 2768 Hoelscheri,
1036 2689 1202 2756 Hemakeri

121 2802 240 2866 nomina
265 2802 428 2885 protulisse
452 2803 596 2880 sufficiet,
621 2810 657 2867 dt
680 2812 811 2888 quantae
825 2803 915 2868 molis
931 2804 1024 2868 fuerit
1040 2807 1199 2888 appareat,

122 2932 219 2976 verum
251 2933 361 2976 causae
388 2920 501 2977 statum
532 2913 657 2978 efficere.
697 2916 742 2978 Ac
772 2914 837 2977 fieri
862 2935 924 2978 non
948 2922 1065 2998 potest,
1089 2920 1125 2977 ut
1148 2912 1200 2976 Di-

121 3024 241 3107 onysius
272 3023 415 3087 obscuras
447 3025 597 3088 orationes
620 3023 712 3108 Lysia
739 3025 880 3108 indignas
911 3023 1071 3111 iudicarit,
1106 3031 1137 3088 et
1166 3023 1199 3086 in

119 3133 229 3199 indicio
261 3133 386 3198 ferendo
417 3134 601 3219 seposuerit,
633 3157 703 3199 nam
733 3134 870 3199 videmus
901 3157 970 3199 eum
993 3133 1087 3218 vulga
1111 3132 1201 3197 aliam

120 3245 266 3309 rationem
297 3252 452 3322 secutum
480 3268 550 3310 nam
575 3268 635 3330 quo
657 3246 723 3310 loco
748 3249 786 3330 (o.
813 3249 866 3329 12)
891 3244 966 3309 dicit
989 3253 1148 3309 venustate
1172 3253 1203 3307 et

121 3356 213 3436 gratia
247 3358 448 3442 conspicuum
472 3380 536 3422 esse
559 3357 700 3442 Lysiam,
725 3357 883 3442 subiungit
907 3380 938 3420 se
961 3378 1011 3420 eas
1033 3358 1201 3433 orationes,

122 3484 194 3546 quae
217 3467 276 3531 hac
299 3468 413 3532 virtute
436 3476 575 3547 careant,
599 3469 813 3554 suppositicias
835 3467 980 3532 iudicare.
1026 3466 1073 3530 De
1090 3467 1204 3551 perspi·

122 3577 230 3642 coitate
262 3576 372 3662 Lysiae
403 3578 468 3643 siue
496 3577 561 3642 ulla
582 3579 758 3664 exceptione
781 3578 927 3663 loquitur.
975 3578 1083 3641 Potius
1105 3578 1202 3663 igitur

122 3683 349 3752 inuniversnm
377 3687 570 3767 crediderim,
597 3687 706 3774 Lysiae
729 3689 880 3753 orationes
904 3688 1020 3753 difficili
1043 3688 1202 3753 intellectu

123 3816 178 3860 non
209 3797 377 3875 laborasse3
409 3798 492 3883 quod
521 3801 547 3863 si
578 3822 655 3884 quae
682 3801 744 3865 sint
770 3800 932 3878 obscurae,
964 3822 1030 3865 eam
1053 3822 1117 3864 rem
1139 3822 1202 3865 non

124 3903 327 3991 imputandam
352 3932 416 3973 esse
439 3911 570 3988 oratori,
595 3911 648 3975 sed
671 3919 724 3975 aut
740 3921 867 3998 ¹nostrae
890 3912 1095 3997 ignorantiae,
1119 3910 1201 3995 quod

124 4017 214 4081 multa
244 4040 301 4082 nos
339 4018 455 4084 lateant
481 4042 559 4105 quae
586 4021 776 4086 auditoribus
793 4016 873 4086 vnota
895 4030 996 4086 essent
1018 4030 1049 4085 et
1071 4020 1137 4085 sine
1159 4021 1203 4085 in-

124 4127 277 4192 commodo
300 4138 424 4213 possent
446 4131 579 4209 reticeri,
604 4138 658 4194 ant
680 4131 958 4208 vicissitudinibus,
982 4154 1059 4216 quas
1080 4139 1202 4196 nostrae

124 4238 270 4302 orationes
293 4248 433 4326 expertae
457 4242 528 4306 sint.

164 4347 209 4413 Ex
238 4351 380 4434 operibus
411 4361 547 4416 veterum
570 4354 686 4437 optima
708 4354 796 4418 nobis
819 4362 936 4418 servata
959 4377 1040 4431 esse,
1064 4365 1100 4418 ut
1124 4375 1201 4438 quae

127 4457 219 4523 minus
251 4461 481 4547 neglegerentur
512 4472 543 4527 et
565 4464 738 4549 permulta
762 4476 976 4549 spargerentur
999 4463 1202 4547 exemplaria,

1087 4580 1103 4633 2
