2994 5234
818 453 880 513 202

343 643 389 705 Ex
413 644 479 722 his,
503 653 628 729 apparet
651 647 748 711 facere
771 671 820 711 me
843 670 905 711 non
928 671 1016 732 posse
1038 671 1107 712 cum
1125 648 1310 723 Hamakero,
1324 645 1368 729 qui

296 753 463 818 orationem
486 753 565 818 hanc
588 778 626 819 ex
649 756 769 820 duobus
785 757 961 842 fragmentis
978 759 1142 822 conflatam
1158 765 1267 841 putans
1281 755 1365 838 (prius

296 863 324 926 ei
346 864 432 948 estq
458 865 473 925 l
498 886 596 947 usque
620 864 659 928 ad
681 867 928 945 συμπρεσβευτῶν
952 876 982 931 et
1004 870 1021 952 q
1044 872 1063 930 11
1089 873 1149 937 πῶς
1174 867 1242 946 γάρ,
1259 886 1319 947 sqq.
1337 863 1368 926 ad

295 973 347 1037 fin.
357 998 367 1051 ρ
391 973 521 1038 alterum
545 973 680 1038 efficiunt
702 997 779 1058 quae
804 975 852 1038 his
872 976 1052 1060 interposita
1067 978 1153 1060 sunt)
1171 980 1367 1059 argumentum

295 1084 419 1168 utrique
442 1084 613 1169 fragmento
633 1084 787 1149 diversum
807 1108 872 1150 esse
892 1087 1010 1149 statuit.
1058 1085 1131 1149 Non
1151 1087 1254 1150 deesse
1269 1106 1368 1148 nexum

295 1194 515 1256 sententiarum
546 1196 563 1278 q
593 1198 632 1277 9,
664 1216 757 1278 supra
788 1194 1079 1273 demonstravimus3
1105 1195 1159 1279 qui
1183 1197 1210 1260 si
1231 1218 1291 1260 non
1312 1195 1370 1258 sim·

295 1303 431 1387 plicitate
463 1326 494 1367 se
525 1303 734 1380 commendat,
764 1304 932 1368 tenendum
954 1305 1015 1368 alia
1038 1328 1161 1390 quoque
1185 1307 1218 1369 in
1240 1307 1294 1369 heo
1315 1326 1369 1367 ora
1432 1346 1433 1349 =

294 1413 377 1476 tione
402 1435 507 1497 pamm
531 1413 681 1500 elegantia
704 1422 734 1477 et
756 1414 861 1478 facilia
884 1436 958 1478 esse.
988 1414 1245 1500 Velutiquatis
1257 1416 1370 1498 abrupte
1452 1405 1453 1408 ¹

294 1522 342 1586 aci
368 1524 434 1599 ὑμῖν
457 1522 518 1603 ἔχω
541 1524 714 1588 ἐπικαλέσαι
731 1522 864 1588 additur.
892 1524 972 1587 Tum
990 1530 1026 1587 ut
1042 1525 1181 1589 omittam
1197 1548 1274 1609 quae
1284 1522 1371 1587 Schei-

294 1632 364 1697 bius
394 1627 454 1695 iam
485 1631 660 1697 Hamakero
691 1634 855 1718 opposuit,
884 1656 946 1697 non
971 1635 1076 1712 video,
1102 1657 1195 1719 quare
1219 1636 1245 1699 ia
1269 1634 1319 1717 qui
1339 1653 1370 1695 ex

295 1742 415 1806 duobus
445 1742 622 1826 fragmentis
653 1743 877 1807 oratiunculam
908 1745 1167 1823 consarcinasset,
1203 1766 1298 1829 pauca
1326 1738 1373 1805 illa

296 1851 402 1928 verba,
434 1873 513 1934 quae
544 1851 633 1914 initio
663 1852 808 1936 leguntur
837 1853 1047 1935 (κατηγόρηται
1070 1891 1116 1902 -
1137 1856 1277 1937 tuaac),
1300 1850 1372 1915 addi·

297 1961 407 2039 disset,
441 1960 602 2044 legationis
625 1960 664 2024 de
687 1963 802 2043 quain
825 1962 1024 2045 sequentibus
1047 1984 1103 2027 nee
1126 1964 1196 2027 vola
1217 1985 1273 2027 neo
1293 1959 1371 2023 vesti·

293 2071 394 2155 glum,
429 2071 616 2134 mentionem
651 2072 803 2135 omisisset
809 2097 819 2149 ρ
856 2072 947 2135 etiam
979 2094 1085 2156 parum
1120 2082 1189 2157 apte
1220 2072 1369 2136 coniuncta

293 2180 422 2243 fuissent
450 2180 483 2242 in
511 2180 648 2244 oratione
670 2178 753 2243 unde
776 2180 850 2245 haee
874 2182 1018 2245 sumsisse
1041 2182 1267 2245 consarcinator
1291 2186 1368 2263 puta·

293 2297 362 2366 tur,
391 2289 481 2353 haec:
513 2290 713 2370 κατηγόρηται
736 2291 789 2367 μὲν
818 2290 1007 2372 Ἐπικράτους
1034 2291 1121 2355 ἱκανοὶ
1148 2291 1197 2355 καὶ
1225 2295 1278 2354 τῶν
1302 2311 1368 2363 ουμ-

296 2398 501 2477 αρεοβευτῶν.
533 2405 594 2470 πῶς
624 2400 702 2478 μαρς
733 2394 772 2471 οἷς
799 2400 861 2463 οὐδὲ
883 2401 983 2464 ταῦτα
1007 2400 1055 2464 καὶ
1079 2401 1147 2477 ὑμῖν
1169 2399 1322 2480 συμφέρει,
1343 2395 1371 2456 iu

295 2508 408 2593 quibus
433 2509 574 2591 equidem
598 2532 711 2573 nexum
734 2509 954 2574 sententiarum
979 2508 1130 2573 desidero.

339 2617 565 2682 Animadvertit
595 2619 736 2684 Dobreus
768 2620 879 2683 similia
903 2641 968 2683 esse
990 2620 1088 2682 multa
1110 2620 1143 2682 in
1167 2619 1225 2683 hac
1247 2617 1370 2682 oratioue

295 2735 326 2791 et
348 2726 553 2792 Nicomaohea
577 2729 660 2813 (30);
685 2751 817 2812 quorum
841 2729 897 2792 etsi
922 2728 1071 2812 quaedam
1093 2730 1154 2791 iam
1170 2751 1262 2813 supra
1276 2724 1368 2807 tetigi,

264 2838 380 2900 ¹iuvat
412 2844 514 2902 tamen
549 2839 599 2902 hic
631 2840 733 2902 omnia
756 2838 812 2902 sub
838 2861 935 2902 unum
958 2846 1155 2922 conspectum
1178 2859 1297 2921 ponere.
1338 2831 1371 2894 In

294 2957 424 3034 utraque
447 2949 613 3012 incitantur
636 2948 770 3025 iudices,
795 2958 831 3011 ut
846 2948 1041 3031 potissimum
1056 2947 1094 3011 ab
1112 2947 1166 3025 iis,
1183 2948 1237 3030 qui
1253 2941 1369 3009 dicendo

293 3060 431 3137 valeant,
455 3082 568 3144 poenas
591 3068 749 3143 repetant3
774 3059 812 3121 cf.
836 3060 853 3142 q
877 3061 895 3120 5
920 3079 989 3120 cum
1012 3055 1083 3119 Nic.
1108 3059 1161 3120 24.

336 3170 429 3234 καίτοι
471 3169 545 3234 τοῦδ’
583 3166 714 3238 ἅπαντες
750 3167 811 3231 εἀί-
901 3167 1060 3230 ἐπίστασθε
1092 3166 1117 3229 δ’
1141 3162 1162 3230 ὦ
1186 3164 1282 3246 ἄνδρες
1303 3163 1370 3226 δικα-

292 3281 417 3355 evaeos,
453 3277 495 3343 ὅτι
529 3280 603 3357 οὐχ,
642 3274 711 3341 ὅταν
745 3277 812 3346 τοὺς
858 3276 946 3352 erat,
971 3273 1012 3339 ὅτι
1036 3275 1232 3354 παράδειγμα
1254 3281 1308 3343 τοῖς
1323 3269 1370 3333 dt·

292 3389 335 3467 μὴ
350 3388 520 3465 δυναμένους
536 3388 634 3463 λέγειν
650 3385 810 3465 κολάζητε,
856 3400 916 3455 acte
939 3384 1022 3449 ἔσται
1046 3387 1088 3461 μὴ
1112 3387 1227 3461 τολμὶὶν
1250 3384 1287 3453 εἰς
1301 3382 1369 3458 ὑμᾶς

291 3497 354 3563 τότ’
377 3497 460 3562 ἔσται
484 3496 676 3577 παράδειγμα
694 3501 756 3559 τοῦ
772 3497 813 3571 μὴ
860 3493 1072 3573 ἐξαμαρτάνειν
1085 3496 1143 3574 οὐχ
1154 3491 1224 3558 ὅταν
1236 3494 1298 3563 τοὺς
1308 3490 1368 3554 atv-

293 3611 371 3686 ὑμᾶς
401 3607 507 3672 atrata
536 3605 607 3670 αλλ’
636 3602 706 3668 ὅταν
730 3606 812 3682 νεαροὶ
858 3604 960 3673 νατους
991 3604 1081 3667 εἰπεῖν
1112 3601 1274 3682 κολάζητε,
1307 3594 1371 3663 ἀλλ’

291 3723 347 3782 τῶν
362 3716 522 3793 δυναμένων
536 3717 634 3790 λέγειν
645 3714 723 3787 δι’κυν
734 3730 812 3790 λαμ·
858 3712 928 3777 ὅταν
959 3713 1041 3792 παρα
1068 3718 1123 3777 τῶν
1147 3711 1304 3788 δυναμένων
1325 3707 1366 3770 με’-

292 3825 423 3904 deitate,
441 3824 508 3889 τότε
525 3824 634 3896 παντες
650 3824 811 3888 παύσονται
857 3846 919 3899 γειν
943 3822 1021 3895 δι’κνν
1044 3819 1236 3899 λαμβάνητε.

295 3937 506 4015 ἐπιχειροῦντες
529 3935 568 4004 εἰς
593 3935 671 4010 ὑμᾶς
693 3935 811 3998 νὶδικεῑν.

338 4044 486 4107 Salutaris
510 4043 568 4106 erit
591 4043 699 4106 iudicii
721 4043 885 4107 severitas:

337 4155 354 4237 d
386 4155 415 4217 7.
450 4153 500 4216 ε’νδν
534 4152 564 4216 δὲ
598 4151 813 4234 καταψαφιοοὶ-
902 4149 972 4214 Nic.
997 4153 1050 4213 23.
1081 4152 1129 4214 ἔδον
1152 4150 1182 4214 δὲ
1205 4150 1369 4224 assatum·

294 4287 372 4341 μενοι
384 4262 506 4327 datdeus
518 4262 679 4339 τιμήσητε,
692 4271 728 4341 τῇ
741 4265 817 4343 αὐτῇ
863 4261 981 4338 ονὶμενοι
1005 4265 1061 4323 τῶν
1084 4257 1222 4340 εὀχοὶταν
1245 4254 1319 4331 αὐτῷ
1336 4270 1371 4311 τί·

294 4374 388 4456 ψήφῳ
410 4373 476 4443 τοὺς
494 4372 523 4439 τ’
538 4370 647 4444 ἄλλους
663 4372 815 4453 κοομιυτέ·
860 4372 992 4447 μήονρτε,
1026 4379 1060 4449 τῇ
1091 4370 1168 4448 αὐτῇ
1201 4367 1290 4446 ψήφῳ
1310 4355 1368 4424 τούς
