3002 5240
631 479 673 540 49

119 680 206 763 magis
230 687 303 743 sunt
326 677 472 762 culpandi
496 700 587 761 quam
611 677 777 761 peregrini3
803 698 874 761 ergo
892 677 1006 741 maiore
1029 700 1127 761 poena
1150 677 1194 740 di·

41 858 45 873 ,
119 811 189 872 gnus
212 799 256 853 est
279 789 453 854 Andocides
477 789 550 853 civis
574 811 666 874 quam
689 787 838 872 Diagoras
863 790 1052 873 peregrinus,
1084 788 1193 872 itaque

120 923 166 984 pro
187 900 344 982 ὄργίζεσίιοι
368 897 413 966 οὖν
436 901 649 984 requirebatur
671 901 764 964 κοιίτοι
788 899 948 981 ὀρνίζεσίοιι
972 926 1000 965 κ.
1024 926 1052 965 π.
1077 902 1100 966 ἓ.

157 1013 260 1095 Aeque
295 1011 455 1096 plumbeus
490 1019 536 1075 est
569 1012 602 1075 in
633 1010 700 1074 loco
731 1010 769 1074 de
800 1033 867 1074 sera
897 1012 1031 1075 numinis
1062 1010 1196 1074 vindicta

118 1122 207 1205 §202
238 1123 346 1203 ἐλπίζω
377 1123 430 1201 μὲν
461 1119 508 1188 οὖν
536 1124 624 1188 αὐτὸν
652 1122 701 1186 κιιί
730 1121 771 1206 (Ρ)
801 1121 896 1186 διίσειν
920 1123 1010 1198 δίκην,
1039 1123 1197 1200 ίιιυμοίοιον

98 1235 178 1325 ,(ριο
206 1235 387 1318 ίοιυμοισπὸν)
417 1233 442 1297 δ’
470 1233 546 1299 οὐδὲν
578 1231 614 1298 ἄν
644 1256 693 1310 μοι
716 1233 841 1310 γένοιτο,
873 1255 951 1316 quae
974 1233 1007 1296 in
1029 1233 1108 1296 hanc
1132 1254 1197 1296 sen·

119 1344 237 1407 tentiam
268 1345 441 1430 supplenda
471 1352 577 1409 erunt:
611 1365 698 1429 spero
728 1343 792 1407 iore
815 1352 851 1407 ut
874 1345 965 1407 etiam
988 1366 1101 1428 poenas
1125 1343 1195 1420 det,

119 1454 165 1517 sed
194 1455 271 1519 nihil
296 1456 387 1520 mirer
411 1457 436 1519 si
460 1478 521 1519 non
545 1455 649 1519 statim
673 1454 735 1519 det.
782 1454 841 1519 Sed
865 1457 897 1520 in
921 1456 1066 1541 proximis
1089 1477 1196 1519 rursus

119 1567 249 1651 suggerit
279 1576 350 1653 post
380 1567 533 1645 chaillo,
565 1567 647 1631 unde
671 1576 815 1653 appareat
838 1569 941 1632 statim
965 1590 1092 1653 poenam
1115 1588 1199 1630 secu-

119 1684 213 1741 turam
236 1701 319 1742 esse:
349 1679 492 1759 οὐδὲγὰρ
515 1679 609 1751 taeta
632 1689 820 1760 πωροιχρῆμιι
842 1679 972 1760 κολοίζει,
998 1680 1079 1743 ἀλλ’
1108 1676 1197 1755 aden

120 1787 175 1864 μέν
195 1792 297 1855 ἐστιν
319 1791 512 1872 οίνίρωπίνη
536 1791 623 1866 δίκη.
670 1789 758 1871 Quae
782 1791 880 1855 aliena
902 1799 991 1869 sunt3
1016 1786 1086 1854 nam
1109 1790 1199 1854 etiem

120 1899 282 1966 humanum
305 1901 454 1966 iudicium
482 1924 566 1966 nunc
588 1902 727 1966 imminet
754 1903 916 1967 Andocidi.
964 1903 1033 1967 Scio
1058 1902 1199 1987 equidem

20 1996 21 1999 Ἴ
119 2011 185 2077 haec
219 2013 294 2078 addi
324 2014 461 2098 potuisse
487 2021 523 2077 ut
547 2036 601 2098 per
628 2015 852 2100 oppositionem
875 2014 1026 2078 humanae
1049 2013 1200 2077 vindictae

117 2122 211 2188 divina
241 2147 341 2210 poena
369 2123 539 2189 evidentius
563 2124 801 2209 significaretur;
826 2125 880 2189 sed
907 2125 962 2189 tali
985 2124 1199 2211 oppositione,

120 2236 212 2318 qualia
235 2237 311 2301 haec
335 2243 398 2314 est,
422 2236 510 2300 facile
534 2236 654 2301 aberrat
677 2237 797 2301 animus
821 2236 997 2301 auditorum
1012 2237 1050 2300 ab
1067 2259 1102 2300 eo
1118 2236 1201 2320 quod

121 2348 214 2430 agitur
238 2355 270 2411 et
300 2369 405 2410 rursus
436 2347 473 2411 ab
506 2346 640 2412 humane
669 2369 767 2433 poena
796 2370 849 2432 per
870 2354 1060 2411 momentum
1083 2355 1203 2411 ostenta

123 2457 212 2522 redire
235 2458 358 2542 cogitur
381 2457 420 2521 ad
443 2456 594 2535 divinam3
616 2480 686 2522 nam
703 2459 861 2543 sequentia
876 2480 938 2521 non
954 2457 1117 2521 cohaerent
1132 2479 1201 2520 cum

122 2569 271 2648 ιίνίρωπίνη
295 2568 356 2643 δίκη
380 2567 433 2631 sed
457 2589 528 2631 cum
550 2568 611 2632 οὐδὲ
629 2570 689 2648 γὰρ
712 2569 808 2640 rasae.
844 2568 943 2632 Simili
966 2568 1039 2632 vitio
1062 2568 1203 2633 laborant

122 2679 205 2744 verba
235 2682 252 2765 q
286 2681 344 2742 10:
376 2678 432 2743 οὐδ’
462 2678 548 2745 αὐτὸν
578 2678 626 2743 τὸν
657 2679 741 2744 ίὲνσιι
764 2679 867 2744 ίσοισιν.
913 2678 972 2743 Sed
996 2679 1071 2743 haec
1094 2703 1200 2765 parum

122 2791 241 2856 curabat
264 2789 382 2867 rhetor,
408 2790 461 2873 qui
483 2790 573 2855 unice
588 2811 672 2852 nunc
688 2789 877 2853 occasionem
892 2797 994 2875 captat
1010 2790 1202 2855 describendi

123 2923 246 2984 poenae,
271 2922 350 2985 quae
374 2902 511 2984 quamvis
535 2900 646 2965 dilatae
669 2901 775 2964 noxios
799 2910 950 2966 maneant.
986 2901 1082 2965 Totus
1103 2909 1204 2966 autem

122 3010 167 3077 hic
188 3014 277 3078 locus
301 3013 339 3077 de
363 3012 466 3076 divina
488 3012 623 3078 vindicta
646 3014 787 3077 convenit
811 3036 881 3077 omn
897 3012 1106 3098 Andocideaq
1123 3016 1200 3078 137:

123 3125 332 3205 Κοιπηγόρησοιν
363 3123 392 3188 δι’
423 3147 478 3202 μου
512 3125 561 3188 κοιί
597 3125 658 3204 περί
690 3129 745 3188 πῶν
777 3130 947 3205 νοιυκληριιῖιν
976 3125 1025 3189 aa}
1057 3124 1119 3205 περὶ
1150 3134 1202 3199 τῆς

123 3234 275 3315 ἐμπορίοις,
299 3236 335 3305 ὡς
359 3232 416 3313 ι’ίροι
439 3234 463 3298 οἱ
487 3234 542 3298 ίεοί
563 3258 602 3309 με
625 3234 657 3297 ἕκ
676 3240 731 3298 πῶν
747 3235 876 3300 κινδύνων
892 3234 1029 3311 οώσοιιεν,
1054 3232 1100 3300 ίνιι
1116 3237 1201 3301 ε’λίὼν

123 3342 211 3424 δεῦρο,
234 3348 272 3418 ὡς
296 3346 398 3423 ἔοικεν,
424 3345 479 3409 ὑπὸ
505 3345 647 3428 Κηφισίου
670 3347 850 3423 ἀπολοίμην,
875 3345 957 3430 quod
981 3346 1041 3409 iam
1065 3346 1117 3409 alii
1141 3348 1203 3411 ani-

125 3453 365 3532 madverterunt,
386 3455 439 3518 sed
462 3455 553 3520 etiam
577 3478 646 3520 omn
670 3455 811 3542 Lycurgo
835 3458 903 3522 adv.
927 3457 1032 3522 Leoon
1059 3460 1117 3520 91:
1143 3458 1204 3522 ἐπεὶ

21 3626 22 3631 ,
126 3563 156 3628 πί
181 3589 218 3642 γε
250 3565 353 3650 (vulgo
383 3590 420 3643 γε
452 3566 498 3650 τὸ)
530 3570 680 3632 κιιπελίείν
711 3573 829 3646 τοῦτον,
857 3566 937 3646 οἷμοιι
960 3568 1018 3633 θεόν
1041 3567 1094 3632 τιν’
1118 3568 1205 3633 αὐτὸν

127 3671 169 3736 ἐπ’
191 3678 282 3752 αὐτὴν
304 3677 434 3754 docaria
456 3679 508 3752 την
530 3678 683 3760 τιμωρίαν,
708 3674 741 3742 ἵν’
764 3678 863 3754 ἐπειδη
885 3680 933 3744 τὸν
955 3682 1063 3745 εὐκλεᾶ
1085 3678 1206 3743 κίνδυνον

129 3782 235 3865 ἔφυγε,
261 3794 311 3853 σοῦ
334 3788 455 3859 σίκλέους
478 3788 527 3852 κοί
551 3787 653 3865 ἀδόξου
669 3789 791 3854 ίοινοίπου
807 3789 904 3870 τύχοι.
928 3788 1099 3875 Ps.-Lysias
1115 3791 1131 3873 q
1149 3791 1204 3852 19:

129 3895 140 3958 ί
164 3897 191 3962 δὲ
217 3899 277 3972 θεὸς
306 3899 418 3976 ὑπῆγεν
449 3901 550 3983 atera,
582 3897 628 3964 ίνοι
657 3900 832 3983 ἀφικόμενος
864 3903 903 3974 είς
929 3902 970 3966 cd
998 3902 1206 3981 οίμοιρσιίμοισοι

129 4008 172 4072 ἐπί
194 4021 231 4092 πη
262 4015 319 4093 ἐμῇ
351 4011 495 4093 προφοίσει
529 4011 565 4093 δῷ
600 4012 704 4096 (vulgo
739 4011 805 4097 δῴη)
839 4012 928 4087 δίκην.
974 4013 1043 4079 Ἐπί
1078 4022 1115 4094 πη
1149 4014 1205 4090 ἕμη

129 4120 214 4200 <Drion
238 4129 324 4187 acute
354 4121 505 4190 Sluiterus
536 4122 679 4208 coniecit,
712 4123 765 4186 sed
800 4123 883 4187 haud
918 4125 979 4188 scio
1014 4148 1053 4188 an
1087 4124 1135 4189 ἐπί
1169 4135 1206 4206 τῇ

130 4232 181 4314 ἐμῇ
199 4233 359 4314 προΦιίσει,
380 4238 598 4320 opportunitate
622 4257 641 4299 ο
662 4257 707 4298 me
730 4237 803 4300 dcto
826 4235 923 4299 nihilo
946 4237 1033 4321 peius
1054 4236 1094 4299 sit
1114 4257 1207 4319 quam

131 4343 278 4421 ἀφικέσθαι
316 4346 355 4417 είς
392 4346 446 4411 σίι
471 4346 679 4427 ιίμοιρσήμοισοι
717 4369 772 4431 pro
810 4349 857 4413 ἐπί
896 4350 948 4424 την
981 4349 1119 4428 πιμιιρίιιν
1152 4353 1207 4413 τῶν

131 4450 407 4529 ιίμ.νο1ε’πίσοίις
437 4455 618 4534 ἠδικημένους
650 4455 699 4541 (cf.
733 4460 804 4543 27),
836 4459 903 4523 iure
933 4461 1041 4524 merito
1073 4482 1090 4522 a
1120 4459 1207 4523 nulio

1069 4575 1089 4631 4
