2994 5234
811 488 874 548 196

293 680 477 762 χονμύτωνΡ
521 682 646 759 Ταμύαν
668 682 809 746 novimus
833 706 950 760 unum,
967 684 1106 764 roprande
1122 685 1242 768 plures,
1257 682 1304 746 sed
1317 682 1360 766 qui

292 791 472 875 colligerent
495 792 656 875 pecuniam
680 791 853 875 publicam,
877 815 940 856 non
964 795 1018 877 qni
1041 793 1237 859 custodirent
1255 798 1301 854 aut
1315 791 1363 852 dis·

292 909 464 986 pensarent.
510 900 656 985 Sequitur
678 904 702 967 οἱ
726 910 781 967 τῶν
804 904 975 969 οὶδικούντων
998 908 1162 978 κολασταί,
1190 900 1269 986 qnod
1288 900 1363 963 itain

292 1013 469 1075 universnm
501 1010 631 1087 dicitnr,
665 1018 701 1074 ut
731 1034 884 1075 summam
916 1011 953 1076 de
984 1014 1069 1076 omni
1093 1013 1205 1076 scelere
1227 1008 1366 1074 iudicandi
1469 1014 1474 1025 '

293 1128 475 1205 potestatem
505 1119 666 1203 complecti
697 1118 850 1197 videatur,
883 1120 966 1203 quod
995 1121 1075 1185 nulli
1108 1122 1162 1185 uni
1193 1118 1368 1205 magistratui
1474 1194 1475 1207 χ

292 1231 355 1293 sive
382 1228 511 1312 collegio
542 1228 648 1292 datum
680 1229 748 1292 fuit.
796 1229 837 1292 Et
868 1252 906 1294 ne
930 1230 968 1294 (le
992 1231 1122 1315 collegio
1147 1231 1369 1313 magistratuum

292 1341 408 1423 cogites
438 1337 597 1422 prohibet,
630 1337 714 1421 qnod
737 1338 769 1401 in
793 1338 931 1402 oratione
955 1340 1077 1423 saepius
1101 1361 1207 1402 omnes
1230 1338 1266 1401 de
1290 1336 1370 1400 simili

293 1470 385 1512 causa
414 1449 446 1510 in
477 1447 626 1511 iudicium
657 1449 757 1511 vocati
788 1471 854 1512 esse
882 1448 1038 1512 (licuntur.
1086 1448 1259 1531 Collegium
1280 1455 1368 1510 totum

292 1579 354 1621 non
378 1557 411 1620 in
433 1558 481 1621 ius
506 1563 649 1635 vocatur,
674 1557 757 1642 qnod
780 1559 806 1621 si
830 1557 877 1621 vel
900 1558 1049 1636 maxime,
1070 1559 1105 1622 fit
1124 1558 1156 1621 iu
1177 1558 1300 1626 εύύύναις
1314 1576 1369 1617 mn-

292 1688 363 1730 nere
387 1666 525 1750 deposito
531 1692 541 1744 ;
565 1688 628 1729 non
651 1673 752 1751 potest
775 1666 821 1730 bia
845 1668 924 1743 fieri,
950 1668 1037 1730 novis
1061 1689 1180 1751 semper
1202 1662 1369 1750 magistrati·

294 1775 352 1839 bus
377 1770 621 1840 succedentibus.
668 1775 753 1838 Haec
778 1776 821 1838 sic
844 1775 976 1839 scribere
999 1776 1106 1839 nullus
1130 1784 1232 1839 orator
1255 1771 1369 1838 Athenis

293 1885 404 1969 potnit.
451 1884 510 1947 Sed
539 1884 622 1948 facili
649 1884 784 1948 remedio
813 1907 860 1947 res
883 1885 915 1947 in
939 1885 1095 1969 integrum
1118 1885 1240 1948 restitui
1264 1890 1369 1968 potest3

295 1995 455 2059 omittatur
477 1997 539 2076 ὑφ’,
563 2002 599 2058 ut
622 1995 743 2079 legatur
765 1996 902 2076 φύλακες
926 1997 1004 2073 ὑμῶν
1023 1995 1229 2063 καταστάντες
1249 1995 1371 2059 καὶτῶν

293 2103 462 2169 ἀδικούντων
485 2104 631 2168 κολασταί
637 2152 645 2175 ,
669 2109 724 2186 qui
743 2111 839 2168 vestri
860 2109 892 2186 (i.
917 2128 940 2169 c.
964 2108 1109 2186 c‘vitcm)
1133 2106 1268 2168 οοιεέούοο
1284 2104 1372 2166 coorti

293 2222 363 2279 aunt
393 2221 422 2278 et
449 2217 648 2296 maleficorum
680 2217 831 2296 vindices,
863 2215 917 2297 qui
940 2214 1099 2298 magnifice
1122 2214 1323 2297 promiserunt
1344 2229 1370 2270 se

296 2323 375 2386 cives
399 2333 589 2401 servaturos,
613 2324 766 2387 maleficos
790 2348 808 2388 a
831 2324 916 2388 vobis
939 2324 1157 2408 prohibituros

335 2436 352 2517 ᾧ
376 2435 404 2496 5.
452 2434 544 2497 καίτοι
568 2432 642 2498 τοῦθ’
665 2432 798 2507 ύταντες
822 2436 982 2499 ἕτύοταούε
993 2483 1002 2516 ,
1028 2432 1071 2498 ύτι
1094 2435 1152 2512 οὐχ
1175 2430 1244 2496 ὅταν
1262 2431 1322 2499 τοὺς
1335 2428 1370 2504 μὶν

296 2541 466 2619 δυναμένους
490 2541 588 2619 λέγειν
611 2542 771 2623 κολύζντε,
795 2544 858 2608 τύτ’
881 2544 967 2608 ἔσται
990 2543 1233 2623 ταρύδειγμα
1254 2544 1311 2603 τοῦ
1332 2538 1371 2615 nl

293 2653 386 2727 tacto
408 2651 553 2716 οὶδικεῖν.
589 2651 674 2715 Haec
697 2660 849 2736 postrema
872 2652 898 2715 si
921 2651 982 2715 alio
1005 2651 1074 2714 loco
1090 2650 1275 2734 legerentur,
1292 2666 1371 2710 nnus·

293 2762 440 2845 quisque,
473 2761 598 2844 opinor,
626 2761 834 2844 intellegeret:
859 2765 1028 2844 exemplum
1049 2767 1167 2823 coatrae
1195 2760 1371 2822 innocentiae.
1477 2834 1478 2845 ἵ

292 2867 400 2932 Nexus
431 2869 519 2932 docet
549 2871 714 2954 significari
743 2869 915 2953 exemplum
939 2870 1131 2953 propositum
1155 2890 1194 2930 ne
1218 2890 1271 2930 vos
1294 2864 1373 2928 aude·

292 2987 346 3043 ent
375 2980 490 3042 iniuria
520 2979 647 3043 afficere.
694 2980 788 3065 Saepe
812 2981 983 3044 infinitivus
1007 3002 1077 3043 oum
1101 2979 1237 3063 genitivo
1260 2972 1373 3039 articuli

292 3091 417 3153 iunctus
440 3090 567 3172 ponitur
590 3113 645 3173 pro
669 3087 714 3154 tta
738 3114 807 3154 cum
824 3091 1037 3166 coniunctivo,
1055 3089 1186 3153 maxime
1202 3085 1284 3170 apud
1299 3083 1374 3147 Thu·

292 3198 449 3282 cydidem,
474 3199 563 3262 ouius
586 3222 662 3263 usus
686 3200 785 3265 multa
808 3201 946 3285 exempla
969 3200 1056 3264 affert
1079 3198 1213 3281 Krtiger.
1238 3194 1277 3258 ad
1297 3192 1322 3256 Ι.
1341 3195 1373 3254 l:
1476 3224 1477 3235 ι

291 3309 389 3379 Μίνως
412 3308 446 3372 τὸ
475 3308 611 3387 tutacula
641 3310 753 3391 καθῄρει
784 3308 902 3392 (Cobet.
934 3308 1084 3389 ἕκύύνοεν,
1117 3307 1169 3370 cui
1197 3326 1260 3368 non
1283 3322 1374 3365 assen-
1476 3388 1477 3393 ἵ

291 3417 361 3502 ll⁰fl
393 3418 425 3480 ἐκ
455 3425 507 3491 ⁷⁵34
542 3419 693 3492 θύλύσσος
720 3426 770 3483 τοῦ
799 3420 855 3490 τοὶς
883 3419 1030 3500 τροςύδους
1057 3421 1175 3496 μᾶλλον
1200 3414 1270 3479 ἱέναι
1294 3410 1373 3490 αύτῷ.
1476 3492 1478 3507 Ι

291 3525 380 3589 Dem.
406 3528 458 3589 tt.
485 3528 541 3590 33:
574 3526 661 3591 ἐδόκει
691 3528 751 3608 γὰρ
773 3528 822 3591 τὸν
845 3526 1002 3607 ἕμτροούεν
1023 3526 1123 3607 χρόνον
1146 3528 1177 3588 ού
1201 3522 1290 3603 φύσει
1314 3514 1374 3584 atu'
1476 3526 1478 3553 ¹

292 3633 486 3711 ἐπιβουλεύων
503 3641 555 3714 τοῦ
575 3636 759 3709 τιοτευύῆναι
780 3635 885 3707 δίκαιος
908 3635 1070 3712 γεγονέναι.
1117 3633 1259 3697 Dobreus
1282 3630 1316 3695 τύ
1337 3649 1374 3691 re·

257 3732 259 3737 ¹
291 3743 381 3827 ponit
411 3750 442 3804 et
471 3743 522 3807 hlo
553 3750 583 3807 et
609 3745 638 3807 8.
670 3747 726 3808 ll:
750 3742 829 3824 ᾤμην
852 3744 911 3823 γαρ
934 3741 1073 3814 οἱνιύύετος
1101 3743 1169 3819 ὑμῖν
1198 3736 1270 3804 εἶναι
1296 3737 1375 3819 olan

292 3857 342 3916 τοῦ
373 3851 461 3926 μηδὲν
489 3852 611 3916 οἰκοῦσαι
635 3853 738 3928 κακύν,
764 3875 825 3935 quo
847 3852 916 3915 loeo
940 3852 1078 3923 ατύύετος
1099 3848 1282 3934 prohibendi
1305 3865 1376 3909 oom-

293 3961 440 4045 plectitur
463 3961 725 4043 signifioationem.
773 3960 833 4023 Sed
857 3966 927 4044 post
950 3958 1162 4039 ταούδειγμα,
1188 3956 1271 4041 quod
1295 3954 1376 4039 plane

295 4069 446 4134 verbalem
472 4068 614 4153 deposuit
637 4071 906 4154 significationem,
931 4069 1001 4132 talis
1025 4067 1213 4131 constructio
1236 4065 1305 4130 ferri
1320 4081 1376 4124 non

293 4186 404 4264 potest.
452 4180 554 4243 Multo
577 4180 686 4243 melius
709 4182 742 4244 in
764 4178 972 4243 Nicomachea
996 4180 1073 4262 (30).
1099 4179 1141 4239 24
1165 4197 1258 4258 quam
1278 4177 1376 4236 nostro

293 4291 361 4354 loco
384 4290 497 4374 legitur
520 4289 713 4369 ταοούδειγμα
736 4296 794 4360 τοῖς
819 4287 920 4359 ύλοιοις
944 4288 1026 4352 ἔσται
1051 4289 1093 4364 μὴ
1116 4289 1231 4362 τολμᾶν
1248 4286 1287 4355 εἷς
1303 4282 1376 4358 ὑμᾶς
1476 4360 1477 4373 ¹

294 4398 522 4480 ἐξαμαρτάνειν,
547 4399 600 4463 ubi
624 4406 655 4462 et
677 4399 762 4462 deest
785 4397 839 4461 illa
862 4396 1063 4480 ambiguitas,
1088 4415 1166 4477 quae
1189 4400 1294 4457 nostro
1313 4389 1376 4452 loco
