2958 5238
825 494 865 554 92

302 694 362 758 illis
394 698 655 780 pronunciaverit,
688 699 806 784 reliqua
840 699 868 783 (q
896 701 950 783 36)
973 700 1132 764 manifesto
1156 704 1306 784 pugnant3
1327 698 1374 760 sin

302 805 460 871 Bromium.
487 810 594 893 probes
625 809 861 876 adscribentem:
894 809 1026 894 popolus
1056 810 1184 874 iusserat
1213 830 1280 886 eos,
1302 829 1375 891 quos

301 915 487 982 indicaverat
508 921 679 1005 Agoratus,
708 943 808 985 coram
830 919 944 985 iudicio
967 919 1014 984 bis
1036 919 1121 983 mille
1144 919 1278 984 iudicum
1299 919 1377 982 iudi-

302 1029 363 1092 cari
389 1032 436 1112 (ut
463 1031 667 1116 supplendum
691 1033 731 1096 sit
753 1034 781 1096 ἕν
803 1032 880 1113 διρχ.
906 1032 1010 1104 αὐτοὺς
1032 1032 1171 1111 κρίνεσθαι
1194 1032 1376 1112 ἐψηφίσατο,

302 1140 332 1202 vi
354 1139 671 1227 plusquamperfeoti),
696 1143 834 1208 oboritur
857 1143 1005 1228 quaestio,
1031 1142 1184 1227 quomodo
1207 1143 1245 1207 de
1266 1143 1378 1207 iudicio

302 1259 385 1315 extra
415 1252 553 1319 ordinem
582 1255 725 1319 instituto
757 1254 817 1318 dici
848 1254 946 1339 possit
968 1256 995 1317 έν
1018 1256 1058 1332 τῷ
1082 1255 1266 1335 δικαστηρίῳ,
1288 1277 1377 1339 porro

301 1362 452 1447 quomodo
476 1388 529 1449 per
552 1367 775 1451 appositionem
798 1364 869 1429 addi
890 1366 987 1450 possit
1009 1366 1195 1446 ε’νδιςχινιίοις
1208 1417 1218 1441 ,
1231 1364 1380 1450 qualcad·

300 1473 502 1539 ditamentum
533 1476 605 1542 alibi
632 1477 693 1542 fere
722 1477 893 1563 legitimum
917 1476 1050 1560 aliquem
1075 1483 1106 1540 et
1129 1476 1303 1541 sollemnem
1323 1499 1380 1539 nu·

299 1609 415 1650 merum
438 1586 569 1666 indicat;
594 1588 725 1675 denique
748 1589 858 1653 mirum
883 1595 979 1665 esset,
993 1587 1140 1652 iudicium
1160 1587 1285 1673 aliquod
1296 1594 1379 1651 extra

300 1697 436 1763 ordinem
467 1700 505 1763 ad
534 1701 716 1786 frangendas
747 1701 904 1787 popularis
939 1700 1080 1765 factionis
1104 1702 1181 1765 vires
1204 1701 1380 1764 institutum

299 1809 403 1874 subito
426 1819 578 1876 mutatum
601 1835 665 1876 esse
687 1813 730 1876 ita
753 1819 789 1876 ut
811 1811 1011 1876 metuendum
1034 1820 1111 1905 esset
1134 1835 1173 1876 ne
1195 1812 1303 1898 populi
1316 1811 1380 1874 fau-

297 1929 378 1985 tores
409 1922 585 1987 obsolveret.
633 1923 693 1988 Sed
722 1924 846 1988 remotis
878 1923 977 1988 verbis
1009 1925 1122 1988 notatis
1145 1923 1256 1987 melius
1279 1945 1381 2009 proce·

298 2032 382 2097 deret
412 2034 561 2098 narratio:
594 2037 617 2099 εί
639 2035 692 2112 μὲν
719 2031 765 2100 οὖν
796 2037 825 2099 έν
856 2038 896 2114 τῷ
920 2035 1088 2116 δικαστηρίῳ
1107 2036 1259 2115 ἐκρίνοντο,
1282 2033 1378 2115 ῥᾳδίοις

296 2143 332 2210 ἀν
354 2145 503 2226 ἐσώζοντο,
528 2151 588 2210 iam
610 2169 695 2224 cero,
716 2153 762 2224 oi,
782 2145 848 2210 rell.
873 2146 911 2209 In
930 2147 1076 2231 proximis
1093 2146 1167 2210 haec
1179 2140 1326 2226 ε’νῷοάδὲν
1338 2144 1380 2209 ἔτι

297 2259 420 2338 ἀφελεῖν
443 2259 576 2324 ἐδύνασίε
603 2259 759 2344 iungenda
782 2266 854 2323 sunt
878 2281 948 2322 cum
971 2259 1035 2334 ἤδη
1058 2258 1215 2336 ἐγνωκότες
1239 2253 1300 2332 ἦτε.
1324 2254 1380 2318 Re·
1476 2344 1477 2347 Ἴ

295 2369 527 2461 prehensionem
551 2371 711 2435 continent
734 2371 887 2435 tarditatis
912 2378 942 2434 et
957 2371 1132 2456 imperitiae
1155 2393 1217 2435 non
1233 2392 1306 2433 sane
1322 2369 1379 2432 hoc
1473 2410 1477 2429 ι

296 2479 363 2543 loco
403 2483 619 2563 necessariam,
660 2492 690 2547 et
720 2506 773 2568 per
803 2506 835 2547 se
865 2483 1011 2547 acerbam.
1062 2482 1167 2567 Longe
1199 2482 1379 2567 praeferrem

295 2597 343 2655 νῦν
366 2591 389 2655 δ’
405 2591 454 2675 ἐφ’
477 2588 497 2675 ᾧ
524 2593 600 2658 οὐδὲν
622 2594 664 2660 ἔτι
684 2597 807 2676 ἀφελεῖν
827 2594 973 2676 δύναισθε,
996 2595 1034 2665 εἷς
1058 2596 1110 2668 τὴν
1133 2593 1240 2671 βουλὴν
1259 2631 1305 2641 -
1326 2593 1379 2661 είς-

295 2702 446 2782 ἀγοοσιν.Δ
1020 2774 1027 2793 ¹

337 2815 428 2898 qbb.
475 2817 628 2901 Agoratus
659 2819 691 2881 in
722 2816 895 2881 defensione
923 2827 1141 2903 provocaturus
1164 2825 1230 2880 erat
1253 2817 1294 2880 ad
1316 2814 1379 2878 Me-

294 2932 462 2990 nostratum
469 2954 478 3005 ;
510 2927 561 2991 hio
592 2929 672 2992 enim
703 2928 843 2993 similiter
874 2929 1026 2993 detulerat
1057 2929 1175 3012 aliquos
1206 2935 1237 2993 et
1270 2925 1378 2992 deinde

294 3036 394 3100 salvus
418 3055 561 3104 evaserat.
608 3039 668 3103 Sed
691 3041 831 3104 consulto
855 3040 1001 3105 reticebat
1024 3041 1195 3125 Agoratus,
1213 3038 1377 3103 Menestra·
1477 3112 1478 3117 η

293 3157 359 3211 tum
384 3157 488 3234 postea
513 3153 611 3236 capite
634 3151 813 3216 damnatum
835 3153 932 3216 iustas
956 3175 1068 3236 poenas
1091 3150 1219 3216 dedisse.
1267 3149 1376 3232 Itaque
1476 3150 1478 3189 s

294 3263 463 3325 accusatori
494 3262 663 3326 sufficiebat
692 3263 750 3327 hoc
773 3269 894 3326 tantum
917 3262 1046 3339 addere,
1070 3269 1106 3326 ut
1129 3262 1227 3325 omnis
1251 3260 1307 3324 illa
1331 3279 1376 3321 ex·
1478 3251 1479 3268 ³

294 3373 410 3436 cusatio
434 3381 589 3438 corrueret
596 3401 605 3451 3
624 3373 712 3460 ,quod
736 3374 888 3438 fecithoc
912 3376 1046 3438 sectione
1069 3382 1099 3437 et
1115 3394 1198 3457 seqq.
1230 3371 1375 3456 Sequitur

293 3482 364 3547 inde
394 3466 547 3565 ἀναφέρειν
577 3506 641 3549 esse
668 3468 847 3571 provocare,
879 3492 909 3548 ct
933 3485 1135 3549 omittendum
1158 3506 1223 3547 esse
1246 3484 1293 3567 τί,
1319 3481 1374 3544 hoc

293 3595 401 3660 modo:
425 3594 516 3659 ἀκούω
539 3594 565 3659 δ’
585 3595 672 3660 αὐτὸν
695 3595 744 3660 καί
769 3597 808 3667 είς
831 3595 1032 3675 Μενέστρατον
1055 3595 1208 3677 ἀναφέρειν
1233 3594 1297 3675 περὶ
1320 3594 1372 3656 τῶν

293 3709 475 3790 ἀπογραφῶν
505 3708 575 3790 (seo.
603 3705 735 3771 Bakium
766 3714 797 3770 et
825 3701 986 3771 Westerm.
1017 3727 1072 3790 pro
1098 3707 1233 3788 γραφῶν)
1256 3704 1371 3770 τούτων.

293 3818 388 3903 Saepe
411 3819 564 3899 ἀναφέρειν
587 3818 726 3883 absolute
749 3818 883 3902 ponitur.
930 3817 1007 3882 Plat.
1027 3817 1125 3882 Alcib.
1143 3816 1168 3880 I.
1188 3819 1262 3879 111.
1281 3816 1319 3879 A.
1335 3813 1371 3879 είς

291 3931 358 4002 τοὺς
381 3931 485 4002 αὐτοὺς
508 3931 661 4012 ἀναφέρω,
685 3927 731 4002 οὓς
754 3931 790 3995 σὺ
812 3933 871 4013 φῂς
894 3933 924 3995 οὐ
951 3930 1120 4002 σπουδαίους
1143 3925 1214 3994 εἶναι
1237 3922 1370 3993 διδασκοί-

291 4055 367 4112 neoc.
404 4039 450 4105 Cf.
474 4041 515 4106 ib.
544 4043 615 4104 112.
640 4040 678 4104 D.
715 4039 873 4104 Demosth.
899 4038 952 4103 18.
976 4042 1056 4127 224:
1079 4038 1369 4121 τῷδεροὲνέστ’ἀνε·

291 4160 403 4229 νενκεῖν
433 4154 479 4216 ἐτ’
503 4154 631 4224 ἐκείνους.
664 4154 715 4215 28.
742 4155 779 4215 9:
803 4152 869 4216 τοτὲ
891 4152 943 4230 Ιαὲν
966 4153 1005 4224 είς
1028 4126 1175 4226 citatione
1197 4151 1367 4234 ἀναφέρετε.

291 4262 398 4349 Eurip.
422 4264 489 4327 Ion.
517 4265 598 4329 827:
622 4265 710 4335 ἀλοὺς
733 4263 786 4340 μὲν
809 4263 927 4346 ἀνέφερ’
948 4263 986 4335 είς
1007 4263 1057 4327 τὸν
1072 4263 1204 4340 δαίμονα.
1227 4263 1264 4326 cf.
1282 4277 1369 4343 supra

296 4378 344 4439 12.
371 4379 422 4439 28.
470 4376 501 4440 Si
524 4377 677 4459 ἀναφέρειν
699 4374 740 4447 είς
762 4399 828 4440 τινα
850 4382 942 4439 esset:
967 4376 1076 4439 referre
1100 4374 1139 4438 ad
1160 4375 1293 4458 aliquem
1308 4381 1368 4434 tan·
1396 4440 1399 4451 Ι

293 4509 385 4574 quam
409 4496 579 4567 auctorem,
603 4488 787 4574 requirerem
809 4491 838 4553 τί
864 4492 919 4552 τάν
942 4489 1140 4569 ἀπογραφῶν,
1165 4487 1276 4551 omisso
1298 4477 1365 4561 περί.

1477 449 1479 552 l

1476 631 1479 726 l
