3002 5240
663 427 702 488 ll

143 627 340 693 sobrietatem
370 634 491 691 secutus
521 633 616 704 esset,
648 632 749 690 tamen
779 645 882 708 reapse
912 621 976 685 fieri
1012 641 1073 684 non
1104 618 1220 704 potuit,

143 739 218 822 quin
251 739 285 803 in
316 745 387 823 apta
414 738 539 803 istarum
570 738 747 803 tractatione
769 757 835 800 mos
858 735 890 798 in
913 740 1052 822 naturam
1075 737 1220 808 verteret,

143 871 240 933 eoque
265 849 407 913 remissus
428 857 508 912 esset
531 847 660 913 subinde
683 855 714 911 et
736 846 873 923 solutus,
896 844 949 909 nbi
965 844 1063 929 gravis
1079 848 1110 907 et
1125 840 1221 905 elatus

142 982 206 1024 esse
230 960 391 1045 potuisset.

554 1184 601 1246 De
624 1181 814 1245 Narratione.

185 1403 260 1469 Non
292 1405 402 1489 exigua
431 1404 500 1467 laus
530 1410 575 1467 est
605 1402 697 1467 huius
728 1401 873 1478 oratoris,
907 1399 991 1484 quod
1022 1399 1116 1469 dubia
1145 1419 1223 1481 quae

142 1525 227 1580 eraut
251 1518 286 1580 in
308 1538 399 1581 causa
421 1516 465 1579 sic
488 1516 706 1600 interpretetus
729 1521 790 1590 est,
815 1520 851 1575 ut
872 1512 1051 1597 plerumque
1073 1512 1099 1576 si
1123 1509 1222 1575 solum

142 1626 223 1711 legas
246 1636 414 1706 oratorem,
438 1650 494 1692 nec
517 1627 577 1698 alia
599 1626 734 1690 conferas
757 1624 932 1689 testimonia
954 1624 991 1688 de
1015 1623 1104 1688 rebus
1127 1621 1221 1686 abeo

142 1737 281 1817 traditis,
296 1740 411 1804 fraudis
427 1747 457 1804 et
472 1739 580 1804 erroris
595 1760 633 1802 ne
648 1737 781 1822 suspicio
798 1736 921 1821 quidem
937 1737 1061 1813 oriatur,
1078 1733 1220 1817 quodque

28 1928 29 1935 ἵ
141 1871 202 1914 rem
225 1851 266 1915 de
289 1874 350 1935 qna
373 1853 490 1939 agitur,
515 1849 669 1915 evidenter
691 1854 810 1927 narrat,
835 1855 871 1911 ut
894 1847 991 1916 oculis
1013 1869 1133 1912 eernere
1156 1867 1221 1909 eam

142 1960 197 2025 tibi
226 1962 368 2029 videaris.
414 1961 682 2057 Iniorationibus,
707 1982 784 2051 quae
808 1968 937 2025 aetatem
958 1961 1112 2035 tulersmt,
1136 1955 1223 2021 nulla

142 2077 185 2135 est
207 2074 362 2151 narratio,
386 2075 460 2157 quin
484 2095 588 2137 omnes
611 2071 721 2139 habeat
743 2092 884 2135 numeros
907 2071 1053 2137 veritatis.
1099 2069 1221 2153 Inspice

141 2183 271 2266 primam
294 2183 343 2267 (de
366 2184 456 2249 caede
478 2183 645 2267 Eratosth.)
668 2186 685 2268 t
705 2184 822 2260 5-27,
846 2182 967 2247 tertiam
989 2182 1032 2265 (in
1056 2181 1221 2263 Simonem)

141 2293 156 2377 p
179 2296 307 2372 5-19,
338 2294 548 2360 duodecimam
577 2295 622 2377 (in
643 2293 886 2377 Eratosthenem)
908 2295 925 2378 t
948 2293 1074 2370 t-ao,
1099 2274 1220 2356 tertiam

141 2402 291 2468 decimam
320 2405 364 2488 (in
394 2407 573 2490 Aguratum)
605 2406 765 2490 §5-42.
812 2403 850 2471 In
878 2403 926 2471 his
950 2404 1028 2468 nihil
1050 2403 1220 2469 detractum

142 2513 208 2578 volo
232 2514 273 2579 de
295 2515 443 2600 singulari
465 2514 572 2593 laude,
598 2536 658 2599 qua
680 2515 847 2599 Dionysius
871 2515 907 2598 (c.
935 2515 986 2598 18)
1009 2514 1132 2600 Lysiam
1148 2513 1221 2578 cele·

28 2692 29 2697 1
142 2622 216 2688 brat.
265 2623 421 2690 Praeclare
450 2624 532 2689 idem
562 2623 612 2707 (de
642 2624 746 2703 Isaeo,
781 2627 849 2709 16):
886 2632 936 2690 τοῦ
961 2626 1067 2692 Λυσίου
1097 2626 1152 2703 μὲν
1174 2621 1220 2690 οὖν

142 2759 183 2806 τις
212 2735 441 2813 ἀναγιγνώσκων
469 2736 525 2807 τὰς
557 2734 718 2818 διηγήσεις,
742 2736 818 2800 οὐδὲν
841 2733 877 2800 ἂν
900 2736 1042 2813 ὑπολάβοι
1070 2735 1150 2805 aava
1173 2737 1219 2800 τὲ-

142 2868 212 2925 χννν
232 2847 249 2922 ἢ
271 2845 412 2926 πονηρίαν,
424 2848 495 2911 ἀλλ’
507 2849 543 2918 ὡς
563 2849 579 2921 ἡ
596 2847 685 2928 Φύσις
703 2849 753 2911 aa>
770 2851 786 2925 ἡ
802 2849 924 2922 ἀλήθεια
944 2849 1038 2927 Φέρει,
1055 2847 1127 2912 αὐτὸ
1141 2850 1220 2915 τοῦτ’
1335 2889 1336 2892 =

142 2956 268 3039 ν’νννοῶν,
290 2954 331 3022 ὅτι
355 2965 407 3032 τῆς
430 2957 537 3037 τέχνης
560 2957 593 3022 τὸ
611 2960 795 3036 protractas
817 2960 869 3034 τὴν
891 2959 980 3039 Φύσιν
1003 2961 1093 3032 αὐτὴν
1116 2957 1220 3042 (vulgo

143 3067 243 3151 αὐτῆς)
267 3068 406 3146 μέγιστον
429 3068 509 3147 ἔργον
531 3068 619 3135 ἐστίν.
655 3067 754 3133 Nemo
777 3069 902 3133 fortasse
924 3069 1021 3153 magis
1037 3076 1219 3133 consecutus

144 3185 246 3243 estut
269 3178 301 3241 in
324 3185 387 3243 arte
410 3179 508 3247 omnis
531 3187 632 3244 tamen
655 3181 789 3266 suspicio
812 3182 885 3244 artis
905 3181 1038 3258 abesset,
1056 3202 1147 3265 quam
1162 3180 1220 3266 Ly-

144 3286 209 3350 sias.
245 3288 356 3374 Itaque
379 3290 474 3355 statui
496 3312 558 3354 non
581 3289 684 3369 debet,
709 3290 891 3356 evidentiam
913 3290 998 3359 illam
1013 3293 1220 3356 narrationum

145 3406 249 3480 sponte
280 3422 316 3462 ex
347 3401 472 3464 veritate
501 3401 545 3466 rei
575 3409 712 3466 narratae
735 3401 926 3466 efflorescere.
973 3402 1040 3471 Imo
1063 3403 1220 3469 sinceritas

146 3530 219 3591 quae
234 3510 355 3577 videtur
377 3511 415 3576 ab
439 3513 552 3576 astutia
567 3519 597 3579 et
613 3512 779 3577 calliditate
794 3535 856 3579 non
873 3512 972 3577 aliena
987 3504 1042 3577 est.
1071 3513 1220 3583 consuto

146 3620 222 3685 enim
245 3645 263 3685 a
286 3644 355 3687 vere
378 3624 498 3706 saepius
521 3623 648 3702 recedit,
673 3630 703 3688 et
726 3646 832 3688 causae
855 3624 956 3689 servit.
1003 3624 1035 3688 ai
1059 3625 1220 3695 adversari·

146 3750 228 3797 orum
250 3733 401 3797 orationes
425 3734 558 3798 conferre
581 3757 751 3819 possemus,
776 3735 887 3801 clarius
910 3745 1081 3821 appareret,
1105 3736 1159 3803 sed
1181 3759 1220 3802 ne

146 3859 224 3904 nune
257 3842 380 3925 quidem
410 3846 596 3928 argumentis
626 3845 766 3916 destituti
797 3869 910 3916 sumus.
958 3845 1163 3915 Nicomachus
1194 3848 1220 3915 si

147 3955 262 4016 tantum
292 3953 439 4019 effecisset
462 3954 500 4018 ad
524 3956 730 4023 damnandum
753 3957 990 4043 Cleophontem‚
1015 3944 1219 4041 quantumin

149 4063 277 4127 oratioue
300 4065 450 4131 tricesima
472 4066 595 4151 Lysias,
619 4075 765 4152 tanquam
787 4092 851 4137 rem
872 4071 995 4134 minime
1019 4069 1159 4147 dubiam,
1176 4093 1219 4134 re·

148 4169 216 4250 fert,
240 4197 302 4241 non
325 4175 471 4241 tacuisset
493 4176 530 4241 de
553 4201 588 4242 eo
612 4180 677 4264 ipse
693 4180 725 4244 in
741 4180 876 4245 oratione
892 4181 924 4247 iu
941 4182 1117 4265 Aguratum.
1146 4180 1217 4247 vid.

151 4280 197 4343 30.
231 4286 288 4361 ll,
319 4307 385 4369 sqq.
417 4286 485 4351 coll.
525 4291 574 4352 la.
601 4292 630 4354 2.
677 4288 883 4355 Nicomachea
913 4298 978 4355 tota
1009 4299 1039 4355 et
1068 4293 1221 4376 Agoratea

151 4387 324 4461 documento
346 4404 435 4478 sunt,
459 4399 570 4464 mirum
592 4401 624 4469 in
647 4401 772 4471 modum
787 4410 952 4482 oratorem,
970 4411 1004 4468 nt
1019 4403 1140 4488 culpam
1155 4426 1218 4471 reo·
