2994 5234
815 448 877 509 176

301 641 446 706 Eleusine
475 642 677 720 obsidendos,
711 643 830 707 dietum
865 642 1005 705 similiter
1027 649 1120 726 atque
1143 644 1167 707 οἱ
1190 644 1250 707 άπὸ
1277 654 1381 718 Φυλῆς,

302 753 326 815 οἱ
350 753 381 816 ἐκ
404 757 559 834 Πειραιῶς,
587 753 611 816 οἱ
639 754 667 816 ἕν
691 751 793 834 άστει,
819 754 843 816 οἱ
866 753 1022 830 Μαραθῶνι
1045 751 1094 815 καὶ
1118 759 1270 829 Σαλαμῖνι
1294 753 1381 836 (Dein.

304 864 354 925 19.
380 864 463 939 312,
488 863 542 926 Ar.
566 861 689 925 Thesm.
715 864 798 939 806,
822 861 882 944 al).
929 860 1037 941 Quum
1060 862 1156 945 igitur
1179 863 1201 924 ii
1226 863 1280 944 qui
1303 862 1383 924 Eleo·

301 971 410 1035 siniam
439 973 628 1055 susciperent
651 971 877 1056 expeditionem
903 971 1028 1035 nomina
1051 972 1179 1056 professi
1202 980 1320 1049 essent,
1343 970 1381 1034 illi

301 1103 363 1145 nna
386 1081 515 1166 profecti
538 1088 643 1159 erant;
668 1104 704 1144 ex
728 1081 840 1166 quibus
864 1081 1004 1164 quamvis
1029 1080 1106 1144 efflei
1129 1081 1244 1166 possit,
1270 1081 1324 1144 hos
1346 1081 1385 1163 ip·

300 1212 349 1253 sos
373 1211 496 1273 quoque
519 1191 632 1254 milites
656 1198 724 1254 tum
748 1192 877 1275 scriptos
902 1213 984 1268 esse,
1008 1197 1111 1254 tamen
1134 1191 1231 1274 magis
1254 1191 1312 1254 hoe
1327 1212 1385 1274 per·
1470 1257 1471 1262 ς

301 1300 405 1384 spicue
437 1300 554 1364 dietum
585 1302 643 1364 erit
676 1302 702 1364 si
733 1324 788 1384 pro
819 1302 1081 1380 ἀπογραψαμένων
1105 1300 1300 1364 substituetis
1323 1301 1386 1361 άπο·

300 1408 496 1491 γραψάμενοι.
540 1409 776 1491 Ἀπογράφομαι
809 1410 998 1475 Ἐλευσῖνάδε
1029 1409 1160 1473 breviter
1190 1410 1309 1472 dietum
1340 1407 1385 1471 sed

301 1519 390 1603 plane
413 1518 542 1581 atticum
564 1527 599 1583 ut
624 1520 885 1599 παρασκευάζομαι
910 1519 1015 1585 οθκαδε.
1054 1520 1141 1583 Dem.
1167 1522 1219 1582 2l.
1243 1520 1325 1581 202:
1348 1520 1386 1580 υό-

300 1629 394 1706 δαμοῦ
426 1630 544 1692 πώποτε
570 1629 694 1701 Μειδόας
718 1636 773 1692 τῶν
796 1629 988 1706 συνηδομένων
1011 1629 1073 1694 οὐδὲ
1096 1634 1151 1693 τῶν
1174 1628 1385 1708 συγχαιρόντων

300 1737 443 1813 ε’ξκτάσθκ
468 1738 508 1817 τῷ
531 1738 621 1817 δάμω.
668 1737 747 1801 Xen.
772 1736 833 1802 GP.
858 1737 915 1802 IV.
941 1741 971 1801 3.
997 1740 1056 1800 21:
1081 1738 1134 1814 ε’μὲ
1156 1738 1211 1813 μὲν
1228 1733 1275 1801 οὖν
1294 1736 1386 1815 γράφε

299 1853 355 1911 τῶν
389 1847 521 1912 ἱππεόειν
556 1848 846 1927 ὑπερεπιθυμούντων.
894 1847 972 1911 Isae.
1008 1850 1036 1912 7.
1063 1850 1100 1909 5:
1135 1851 1190 1910 τῶν
1218 1849 1248 1909 ἕν
1272 1845 1386 1924 Σικελόρ

299 1956 480 2033 καταλεγεὶς
503 1956 689 2037 τριηράρχων.
736 1956 836 2041 Supra
863 1959 912 2019 16.
941 1959 995 2019 15ε
1021 1953 1223 2045 διεπραξάμην
1246 1953 1321 2019 ι’όστε
1339 1962 1384 2027 τῆς

299 2067 411 2145 πρότνς
428 2066 610 2143 τεταγμένος
630 2067 785 2144 μάχεσθαι
804 2074 863 2138 τοῖς
883 2066 1041 2143 πολεμίοις.
1069 2064 1158 2126 Dem.
1175 2066 1226 2127 19.
1245 2066 1309 2126 302
1322 2062 1386 2126 inde

300 2173 524 2238 emendandus:
549 2173 578 2245 ὃς
602 2175 662 2253 γάρ
681 2175 782 2239 ἑαυτὸν
798 2174 894 2250 τάξας
910 2181 966 2239 τῶν
982 2173 1180 2239 άπιστυάντων
1196 2170 1268 2237 εἶναι
1292 2172 1386 2236 Φιλόπ·

300 2309 359 2363 πιρ,
377 2284 431 2347 ubi
448 2281 520 2349 εἶναι
538 2284 729 2348 eiiciendum.
760 2286 937 2364 Κληροῦοθαι
956 2289 1012 2347 τῶν
1030 2283 1110 2347 ἐννέα
1121 2284 1287 2361 άρχόντων,
1302 2302 1386 2363 supra

300 2396 353 2457 24.
381 2395 421 2456 13
445 2400 477 2457 et
500 2393 539 2456 al.
575 2393 656 2457 Fieri
680 2395 730 2457 vix
754 2395 858 2478 potuit
888 2394 962 2476 quin
987 2392 1103 2457 librarii
1125 2392 1314 2455 invenientes
1336 2395 1385 2455 τῶν

299 2504 365 2568 Ἐλ.
398 2502 644 2582 άπυγραψάμενοι
675 2503 732 2566 hoe
762 2505 795 2566 in
818 2501 1079 2583 άπογραψαμένων
1101 2502 1306 2578 mutaverint,
1329 2520 1385 2563 non

298 2612 511 2696 intellegentes
543 2619 598 2677 τῶν
626 2616 690 2677 Ἑλ.
738 2612 777 2676 In
807 2614 868 2676 fine
891 2612 1062 2676 sententiae
1085 2615 1297 2689 ε’πολιοριωῢντο
1319 2610 1381 2685 μετ’

298 2724 394 2787 αὐτῶν
420 2725 503 2805 (nam
532 2722 575 2785 sio
606 2721 770 2806 legendum
793 2743 856 2785 non
880 2722 985 2803 αὐτῶν)
1009 2742 1070 2783 non
1094 2718 1325 2783 sollicitandum
1348 2717 1384 2778 vi·

297 2834 403 2897 detur:
431 2856 464 2896 ae
492 2836 626 2897 obsideri
652 2854 719 2896 σανα
748 2838 789 2896 iis
824 2831 965 2914 (triginta
988 2830 1076 2915 viris)
1100 2835 1191 2914 poesi
1212 2836 1291 2893 sant.
1337 2824 1383 2888 illi

296 2944 392 3028 igitur
414 2940 575 3006 moenibus
600 2940 712 3024 egressi
736 2949 772 3003 ut
795 2939 987 3016 obsiderent,
1012 2939 1072 3022 ipsi
1097 2936 1288 3001 obsidionem
1310 2932 1383 3019 passi

297 3059 380 3116 sunt.
426 3050 604 3114 Familiares
636 3049 759 3132 quidem
792 3050 886 3112 fuisse
918 3049 1063 3112 videntur
1086 3048 1214 3130 triginta
1237 3046 1381 3116 virorum,

297 3183 428 3246 quorum
451 3159 542 3245 paulo
569 3167 639 3244 post
661 3160 694 3222 in
717 3158 964 3223 reconciliatione
988 3180 1062 3222 usus
1086 3157 1188 3221 fuerit.
1236 3155 1283 3222 Of.
1308 3154 1380 3218 Xon.
1475 3238 1477 3259 ἱ

297 3271 380 3336 Hell.
406 3269 450 3332 Π.
474 3273 494 3331 4ι
519 3268 666 3332 sublim:
692 3268 797 3348 ὑστέρῳ
820 3269 849 3332 δὲ
871 3268 963 3349 χρόνῳ
985 3266 1162 3337 άκοάσαντες
1186 3267 1221 3348 (οἱ
1233 3263 1381 3342 Ἀθηναῖοι)
1476 3326 1477 3349 ¹

295 3379 390 3456 ξένους
413 3379 580 3456 μισθοῦσθαι
599 3378 665 3447 τοὺς
684 3375 845 3459 Ἐλευσῖνι,
868 3376 1088 3456 στρατευόμενοι
1108 3374 1252 3451 πανδημεὶ
1275 3375 1321 3437 ἐπ’
1339 3372 1383 3434 αό.

295 3490 361 3560 τοὺς
379 3489 444 3558 τοὺς
464 3487 517 3564 μὲν
536 3486 718 3566 στρατηγοὺς
739 3489 834 3550 αὐτῶν
859 3489 899 3557 εἷς
921 3487 1025 3563 λόγους
1048 3484 1175 3555 ἐλθόντες
1195 3484 1378 3553 άπέκτειναν,
1475 3484 1477 3557 j

296 3604 356 3668 τοῖς
379 3595 505 3667 δ’άλλοις
529 3596 800 3674 εόςπέμφαντες
824 3596 905 3666 τοὺς
929 3595 1059 3676 φίλους
1082 3595 1140 3658 καὶ
1164 3592 1381 3669 άναγκαόους

296 3707 446 3771 ἔπεισαν
469 3704 759 3781 ξυναλλαγῆναι.
796 3703 842 3766 Eo
863 3705 938 3768 haee
959 3703 1092 3767 narratio
1115 3700 1379 3784 receditaLysia,
1475 3758 1477 3775 ,

296 3815 380 3900 quod
407 3837 482 3899 quos
508 3814 681 3899 Xenophon
711 3815 819 3878 missos
847 3837 865 3877 a
892 3814 1008 3878 civibus
1035 3813 1126 3889 dicit,
1155 3812 1188 3876 hi
1222 3809 1380 3875 seeundum

296 3921 420 4006 Lysiam
451 3930 559 4007 sponte
590 3944 621 3985 se
652 3924 732 3987 iutra
765 3924 886 3987 moenia
916 3922 1121 3987 contulerunt.
1168 3921 1332 3985 Finxerant
1352 3939 1378 3979 se

297 4031 375 4096 velle
407 4054 600 4118 oppugnare,
634 4054 695 4116 quo
726 4035 834 4098 melius
865 4034 939 4118 ipsis
965 4032 1174 4118 praesentibus
1197 4054 1245 4096 res
1268 4049 1380 4112 compo·

295 4149 428 4206 meretur.
472 4142 509 4207 In
541 4141 662 4206 Scheibi
694 4144 868 4207 coniectura
903 4143 1080 4220 ἐπολιόρκουν
1110 4142 1176 4213 τοὺς
1205 4142 1270 4220 μεθ’
1293 4139 1378 4203 αὑτῶν

298 4250 462 4315 obscurum
496 4251 720 4336 quodammodo
756 4262 803 4316 est
835 4251 913 4316 illud
945 4254 1011 4324 τοὺς
1039 4278 1074 4330 μ.
1105 4276 1155 4328 α,
1185 4273 1247 4335 quo
1277 4244 1379 4331 signifi·

299 4369 408 4426 eantur
431 4384 493 4425 non
517 4361 571 4445 qui
595 4382 699 4424 eorum
723 4361 865 4426 factionis
888 4367 977 4426 ονοιιθ
999 4359 1052 4423 sed
1075 4362 1144 4425 olim
1159 4361 1299 4445 fueruat.
