2958 5238
793 452 856 512 148

464 558 492 589 ἡ

275 650 326 715 nd
353 650 412 714 hoc
435 670 558 733 quoque
581 646 730 711 iudicium
752 647 886 731 pertinet
907 649 924 732 b
949 650 1008 711 11:
1032 646 1061 711 ἓν
1087 672 1126 725 γε
1148 655 1216 720 ταῖς
1238 649 1354 731 πρίτερον

274 759 462 840 κατηγορίαις
492 757 533 822 τοί
563 783 597 821 τε
627 758 712 822 ἄλλα
743 759 836 836 ψευδῆ
866 760 1072 839 κατηγόρησαν
1099 766 1150 826 τοῦ
1173 759 1293 840 πατρίς,
1310 760 1355 823 καί

275 878 435 949 συγγενῆ
470 871 642 948 Φρύνιχον
677 870 788 933 αὐτοῦ
822 863 914 932 εἶναι
948 867 1107 952 ἔφασαν.
1154 869 1267 934 Contra
1286 890 1356 952 quae

274 982 419 1065 leguntur
449 981 465 1063 b
494 980 534 1040 22
568 976 607 1041 ad
637 977 767 1060 primam
798 970 1023 1042 accusationem
1052 980 1206 1063 pertinere
1229 985 1356 1063 possunt.

275 1089 358 1154 Huic
387 1087 502 1151 iudicio
534 1086 687 1170 quomodo
714 1086 789 1164 filii,
822 1088 876 1172 qui
906 1088 944 1152 iis
968 1088 1159 1173 temporibus
1182 1112 1221 1153 ne
1244 1088 1360 1152 aderant

276 1199 400 1284 quidem
428 1198 478 1281 (cf.
502 1198 519 1281 t
541 1199 592 1282 4),
624 1195 776 1280 implicari
806 1198 964 1281 potuerint
998 1199 1026 1283 (p
1058 1201 1130 1282 18),
1160 1221 1250 1263 nemo
1279 1197 1359 1261 facile

277 1310 397 1373 dixerit.
441 1310 506 1372 Aut
528 1306 621 1370 verba
644 1314 789 1390 corrupta
812 1315 886 1370 sunt
908 1308 1021 1391 (ἔρημον
1036 1309 1096 1390 γαρ
1117 1310 1206 1373 αὐτὸν
1224 1309 1360 1387 λαβόντες

275 1421 392 1503 Φίλων
410 1443 444 1483 τε
459 1416 508 1482 καί
526 1417 680 1499 παίδων,
700 1423 929 1497 κατηγοροῦντες
952 1413 1027 1482 είλον
1051 1417 1098 1481 vel
1118 1419 1185 1483 sim.
1206 1417 1291 1503 quid)
1312 1425 1361 1480 aut

276 1531 365 1615 plura
380 1529 472 1593 etiam
492 1526 529 1590 ab
545 1525 772 1589 accusatoribus
789 1526 925 1609 pericula
940 1525 1114 1611 Polystrato
1130 1527 1288 1592 subeunda
1301 1528 1361 1590 fue·

275 1648 366 1715 runt,
392 1646 445 1701 cut
468 1638 666 1720 impostorem
689 1634 764 1698 haec
789 1644 923 1720 arguunt
946 1635 1187 1701 halucinantem.

321 1752 463 1833 Denique
494 1747 533 1811 ad
562 1752 752 1831 praesentem
783 1747 846 1809 sive
878 1747 999 1811 tertiam
1031 1771 1173 1826 causam,
1198 1770 1288 1833 quam
1308 1769 1362 1830 pro

277 1868 362 1946 patre
384 1859 559 1944 Polystrato
582 1866 649 1920 orat
671 1857 771 1933 filius,
797 1858 852 1942 qui
875 1880 912 1921 ex
934 1859 1036 1923 tribus
1053 1867 1151 1924 aetate
1167 1859 1285 1924 medius
1300 1866 1362 1934 est,

277 1971 429 2057 pertinent
451 1972 468 2054 p
492 1972 529 2031 2:
553 1972 744 2047 κατηγοροῦσι
768 1966 793 2029 δ’
816 1970 905 2032 αὐτοῦ
931 1970 968 2040 ὡς
991 1971 1041 2032 οὐκ
1066 1969 1162 2040 εὔνους
1185 1967 1276 2050 ἧντῷ
1291 1970 1363 2042 πλή-

277 2086 316 2148 ίεν
338 2084 379 2161 τῷ
400 2081 534 2160 ὑμετέρῳ.
574 2080 591 2162 b
615 2079 651 2141 5:
676 2078 725 2141 καί
749 2079 786 2147 ὡς
810 2079 926 2149 πολλαὶς
949 2078 1048 2158 αρχοὶς
1068 2076 1149 2159 ἦρξεν
1171 2079 1229 2163 (ε’πί
1248 2086 1301 2144 τῶν
1319 2103 1365 2142 τε-

279 2191 457 2274 τρακοσίων).
495 2190 512 2273 b
537 2190 573 2253 l:
598 2187 717 2265 γνώμαν
739 2187 875 2264 οὐδεμίαν
898 2185 963 2253 εἶπε
987 2190 1049 2268 περὶ
1073 2197 1123 2255 τοῦ
1144 2191 1278 2272 ὑμετέρου
1297 2190 1367 2261 πλή-

277 2305 339 2373 ίους
362 2302 402 2383 (ἐν
429 2308 488 2370 τοῖς
515 2298 729 2383 τετρακοσίοις).
768 2299 785 2381 ᾧ
809 2301 845 2361 8:
870 2300 983 2370 ἐκείνοις
1010 2302 1060 2364 οὐκ
1083 2301 1284 2381 οίπαχίοίνετο.
1317 2296 1365 2361 Ad

276 2411 467 2489 καταλογέυς
490 2430 604 2473 munus
628 2407 784 2492 pertinent
807 2407 899 2471 verba
922 2431 1002 2493 quae
1025 2410 1174 2493 leguntur
1193 2412 1210 2494 p
1229 2413 1284 2474 13:
1303 2409 1365 2473 καί·

276 2548 319 2588 τον
347 2525 405 2601 οὐχ
436 2516 461 2584 οἳ
490 2519 526 2584 clv
557 2520 673 2588 πλείους
706 2518 831 2589 πολίτας
861 2524 989 2597 πονῶσιν,
1020 2516 1094 2583 οὗτοι
1118 2520 1298 2584 καταλύουσι
1319 2520 1366 2582 τὸν

276 2635 382 2710 δῆμον,
406 2629 478 2696 αλλ’
501 2623 527 2693 οἳ
541 2626 577 2692 ίον
594 2630 625 2691 ἑκ
641 2626 777 2691 πλειόνων
792 2628 944 2698 ἐλάττους.
977 2626 1100 2692 Scilicet
1116 2630 1262 2693 maiorem
1278 2651 1366 2713 quam

277 2743 408 2809 debebat
444 2762 607 2805 numerum
643 2740 759 2803 civium
787 2748 941 2803 creaverat
970 2739 1173 2823 Polystratus.
1221 2741 1269 2805 De
1300 2740 1366 2803 filiis

277 2856 352 2918 haec
375 2853 521 2936 leguntur
544 2853 635 2935 §19:
662 2853 730 2925 ἡμῖν
753 2849 778 2913 δ’
802 2852 832 2914 οὐ
857 2850 961 2914 δώσετε
988 2854 1068 2927 ἡμᾶς
1093 2852 1198 2923 αὐτοὺς
1222 2853 1366 2927 ἐπιτίμους

278 2966 345 3041 ὑμῖν
368 2963 512 3039 γενέσθαι.
558 2962 658 3044 §39n
691 2959 753 3038 περὶ
779 2962 858 3036 ἡμῶν
882 2960 940 3038 γοίρ
964 2961 1025 3024 εὀτο
1051 2968 1151 3041 ψῆφος
1179 2963 1245 3036 ὑμῖν
1269 2962 1316 3025 καί
1339 2961 1366 3022 οὐ

277 3072 340 3154 περὶ
363 3070 543 3153 χρημάτων,
567 3070 587 3132 i.
612 3091 638 3132 e.
663 3090 759 3152 quum
781 3069 861 3132 nihil
877 3070 939 3133 fere
956 3069 1139 3148 habeamus,
1157 3072 1277 3135 etiamsi
1292 3071 1367 3136 bona

278 3191 383 3249 nostra
410 3179 656 3265 publicaveritis‚
680 3179 803 3243 nullum
827 3179 948 3244 lucrum
972 3181 1158 3265 percipietis.
1203 3184 1304 3267 §352
1328 3183 1366 3259 pl

278 3299 358 3372 ἡμας
381 3293 445 3357 clari
469 3292 522 3367 μὲν
546 3291 686 3367 ἐπιτίμων
709 3291 831 3363 οίπίμους
852 3293 1008 3367 ποιήσητε,
1029 3293 1094 3356 aar)
1117 3292 1146 3357 δὲ
1161 3299 1285 3357 πολιτῶν
1300 3288 1366 3356 οίπί-
1468 3350 1469 3353 ,

277 3406 371 3476 λνδας.
418 3402 500 3485 Ergo
523 3409 649 3485 apparet
672 3401 752 3484 patri
775 3402 898 3478 οὶτνμίαν
914 3402 1106 3466 imminuisse
1122 3403 1284 3466 maximam
1300 3422 1364 3465 cum
1468 3424 1469 3479 3

278 3516 430 3580 bonorum
461 3509 687 3595 publicatione,
719 3511 808 3573 cuius
836 3511 928 3574 ctiam
952 3512 1116 3596 participes
1140 3521 1241 3577 essent
1262 3513 1316 3576 filii
1338 3516 1365 3572 et
1468 3562 1469 3577 l

279 3647 358 3710 quae
389 3622 477 3687 facile
508 3620 614 3685 exsilio
642 3629 746 3703 posset
769 3623 948 3704 comparari.
995 3621 1037 3684 Et
1059 3645 1096 3685 ex
1120 3622 1219 3687 verbis
1242 3618 1366 3687 καταλίω
1468 3598 1469 3663 s

278 3760 338 3801 ουσν
366 3734 414 3798 τὸν
438 3733 525 3809 δῆμον
552 3732 569 3814 b
594 3731 633 3793 13
659 3728 770 3793 efficias
797 3737 918 3812 γραφήν
941 3731 1035 3795 fuisse
1059 3732 1148 3809 δήμου
1168 3732 1363 3798 καταλύσεως.

279 3842 444 3925 Quomodo
467 3848 570 3906 autem
594 3838 722 3903 tertium
745 3839 803 3902 hoc
828 3839 978 3903 iudicium
1002 3841 1096 3904 fuerit
1119 3865 1137 3905 a
1158 3843 1311 3927 superiore
1326 3836 1366 3900 di·

280 3976 399 4019 versum
427 3952 553 4017 minime
584 3955 718 4034 apparet.
765 3950 870 4033 Atque
899 3950 974 4013 haec
998 3973 1081 4014 nuno
1104 3973 1172 4014 cum
1199 3946 1364 4035 pulvisculo

279 4073 367 4131 eruta
390 4072 463 4127 sunt
486 4069 517 4125 et
540 4060 694 4136 ordinata3
718 4060 751 4122 in
775 4061 913 4124 oratione
937 4062 1004 4145 ipsa
1027 4062 1129 4125 omnia
1145 4084 1258 4146 susque
1274 4059 1364 4143 deque

279 4176 430 4262 permixta
461 4181 490 4236 ct
521 4170 645 4235 turbata
676 4177 759 4232 sunt.
807 4169 941 4253 Magnus
972 4173 1049 4236 mihi
1080 4172 1138 4235 erit
1162 4171 1290 4255 Apollo,
1315 4162 1363 4252 qui

280 4296 396 4352 statum
418 4305 526 4350 causae
549 4282 593 4344 sic
619 4279 742 4357 efficiat,
768 4287 804 4343 ut
825 4280 978 4345 dubitatio
993 4283 1076 4346 iusta
1090 4304 1153 4345 non
1168 4280 1361 4364 relinquatur.

280 4397 403 4460 Scilicet
426 4402 462 4458 ut
485 4389 681 4456 difficultates
705 4389 791 4452 furca
815 4390 949 4474 expellas
972 4400 1076 4455 tamen
1100 4413 1198 4475 usque
1213 4389 1362 4453 recurrent
