2994 5234
650 468 713 529 213

128 661 271 738 Scheib.;
295 661 387 731 Diod.
412 661 500 725 XIV.
526 685 551 726 c.
578 664 610 744 6)
633 668 730 744 utque
753 662 813 746 ipsi
830 664 1046 739 conniverent,
1063 663 1089 725 si
1105 662 1158 746 qui
1174 684 1228 745 per

128 770 300 853 Boeotiam
316 793 400 834 arma
423 771 453 834 in
478 771 605 855 triginta
628 772 709 834 viros
733 779 889 839 mouerent
908 773 971 855 (ἐὰν
988 771 1017 835 δέ
1029 768 1226 848 τνοἊθήνοιζε

127 881 178 944 διὰ
205 889 259 953 τῆς
283 881 419 950 Βοιωτίοις
442 883 489 944 ἐπὶ
514 884 580 952 τοὺς
600 882 750 962 τυοοέννους
770 881 851 945 ὄτλον
871 882 971 962 κομίζῃ
991 880 1056 958 μήθ’
1076 880 1142 958 ipris
1158 901 1225 942 τννοο

127 988 273 1065 Θνβοοίων
296 990 366 1064 μήτ’
388 991 509 1056 arroso.
535 990 581 1054 Of.
599 990 704 1073 Pelop.
723 993 765 1074 6).
800 990 913 1055 Thebis
928 989 1138 1074 Thrasybulus
1154 1009 1223 1050 cum

127 1097 244 1180 exigua
277 1119 371 1160 manu
406 1097 444 1160 ad
478 1098 651 1161 liberandas
681 1098 818 1161 Athenas
850 1099 1004 1182 profectus
1035 1104 1090 1161 est.
1137 1096 1224 1174 Quae

125 1208 278 1271 beneficia
301 1207 393 1289 legati
416 1206 554 1270 Thebani
578 1215 685 1291 postea
708 1229 735 1270 a.
760 1210 824 1270 395
851 1206 1093 1270 Atheniensibus
1116 1207 1148 1269 iu
1164 1228 1225 1268 me-

124 1317 258 1379 moriam
288 1322 432 1379 revocant
467 1316 530 1379 ΙΙΙ.
557 1319 586 1379 5.
613 1320 648 1394 8,
674 1339 740 1401 sqq.
787 1317 854 1381 Iam
878 1338 948 1380 vero
971 1314 1155 1399 Thrasybuli
1178 1336 1225 1377 co·

122 1432 238 1487 uatum
268 1447 286 1486 a
316 1425 470 1490 Thebanis
502 1428 592 1490 etiam
626 1427 757 1511 pecunia
785 1427 926 1490 adiutum
951 1425 1046 1489 fuisse
1069 1423 1226 1508 probabile

122 1541 190 1611 est,
224 1556 352 1618 eamque
382 1557 466 1598 nunc
498 1558 515 1598 a
545 1536 670 1598 Boeotis
702 1536 908 1619 nequicquam
931 1533 1095 1617 repetitam
1120 1532 1222 1594 fuisse.

122 1642 195 1705 Hoc
223 1642 291 1725 ipso
318 1651 455 1727 tempore
479 1642 596 1707 bellum
619 1644 699 1708 inter
722 1644 982 1707 Lacedaemonios
1006 1650 1036 1705 et
1061 1642 1151 1704 llleos
1175 1662 1224 1724 gc-

122 1751 262 1814 rebatur.
309 1749 390 1814 Nam
421 1751 595 1836 Xenophon
626 1752 708 1816 Hell.
742 1753 804 1817 III.
834 1756 864 1816 0.
892 1756 932 1815 21
959 1752 1066 1816 eodem
1088 1762 1225 1834 tempore

123 1883 187 1944 quo
213 1858 405 1942 Dercyllidas
428 1861 461 1924 in
486 1861 561 1923 Asia
588 1860 704 1925 bellum
727 1868 845 1946 gereret
861 1869 1039 1944 susceptum
1055 1859 1224 1942 significat5

121 1967 318 2053 Dercyllidas
349 1975 452 2032 autem
481 1978 670 2034 successerat
692 1970 892 2049 Thimbroni,
918 1971 971 2055 qni
995 1968 1165 2053 imperabat
1188 1988 1224 2029 eo

121 2087 264 2163 tempore
287 2099 349 2161 quo
372 2079 478 2159 Κύρειοι
502 2079 661 2157 redibant,
680 2080 700 2142 i.
718 2102 744 2142 e.
762 2101 843 2148 anno
861 2082 925 2141 400
943 2078 1053 2142 medio.
1078 2077 1125 2139 Of.
1144 2075 1226 2138 Olin-

121 2196 188 2252 ton.
220 2187 260 2251 ad
290 2210 316 2251 a.
341 2191 405 2251 400
431 2196 462 2252 et
484 2189 517 2252 in
540 2190 621 2274 App.
646 2189 690 2252 ΙΙ.
716 2212 749 2273 p.
776 2188 981 2272 289,K1ng.
1017 2186 1090 2250 Non
1114 2187 1225 2250 mirum

120 2298 287 2361 Thebanos
311 2320 401 2382 aegre
426 2298 534 2362 tulisse
558 2299 762 2363 Athenienses
786 2300 819 2362 in
843 2321 878 2362 ea
900 2321 932 2362 re
955 2297 1112 2382 Spartanis
1136 2318 1224 2380 opem

5 2416 7 2423 ’
121 2408 218 2483 ferre,
245 2428 340 2488 quam
365 2408 425 2491 ipsi
449 2430 519 2470 cum
544 2407 712 2471 Corinthiis
736 2415 926 2472 recusassent
949 2406 1044 2489 (Hell.
1069 2407 1090 2471 l.
1111 2406 1132 2469 l.
1158 2408 1223 2490 25).

122 2516 220 2580 Nunc
251 2516 347 2599 igitur
378 2517 487 2580 Boeoti
517 2519 613 2601 raptis
637 2518 874 2582 Atheniensium
897 2518 986 2582 bonis
1010 2540 1057 2581 res
1080 2520 1225 2600 repetunt

5 2690 6 2693 ,
123 2624 235 2706 (τύλους
259 2631 429 2709 τοοοῦντου).
476 2626 586 2690 Paucis
616 2628 704 2690 annis
731 2635 801 2711 post
824 2630 914 2711 (395)
936 2626 1095 2691 recruduit
1119 2623 1223 2688 simul-

5 2736 6 2785 Ῡ
123 2741 171 2796 tas
196 2740 305 2797 contra
327 2733 584 2799 Lacedaemonios
609 2744 639 2799 et
661 2736 777 2800 viribus
794 2736 1019 2820 quodammodo
1035 2732 1221 2818 recuperatis

5 2886 7 2913 .
124 2864 218 2904 ausae
248 2849 323 2905 snnt
352 2842 492 2906 Athenae
523 2845 701 2908 societatem
733 2867 801 2908 cum
831 2844 985 2908 Thebanis
1016 2845 1094 2907 inire
1125 2841 1220 2926 (Hell.

5 2944 7 2979 ³
123 2951 187 3015 ΙΙΙ,
216 2953 246 3014 5.
278 2953 340 3034 16).

5 3058 6 3061 ’
168 3061 219 3123 ])6
249 3058 409 3123 navalibus
441 3060 598 3144 murisque
626 3083 704 3144 quae
734 3061 882 3124 dicuntur
912 3062 989 3145 (τοὺς
1011 3061 1041 3123 δὲ
1066 3060 1222 3132 νευςοίκους

121 3169 171 3232 καὶ
208 3170 251 3232 τοὶ
284 3170 372 3248 τείχη
407 3171 678 3252 τεονκοντοοῤῥέοντον)
710 3170 798 3233 nulla
828 3171 970 3254 indigent
1000 3170 1220 3253 explicatione,

122 3299 223 3360 quum
246 3283 366 3341 constet
388 3300 493 3341 muros
517 3301 598 3342 anno
621 3279 745 3342 demum
769 3281 833 3342 393
859 3300 876 3340 a
899 3278 1027 3341 Conone
1050 3278 1144 3341 fuisse
1160 3300 1220 3341 res-

123 3388 248 3451 titutos.

170 3496 313 3559 Sectione
340 3498 380 3558 14
404 3496 645 3561 Strombichides
669 3503 700 3560 et
724 3497 875 3561 Calliades
897 3497 1044 3561 dicuntur
1059 3521 1077 3560 a
1091 3497 1220 3581 triginta

125 3606 199 3669 viris
230 3603 393 3668 interlecti.
441 3606 689 3670 Strombichideu
720 3613 823 3671 autem
852 3606 959 3692 Lysias
994 3610 1045 3671 13.
1073 3611 1111 3671 13
1140 3630 1221 3671 com

5 3780 6 3797 χ
125 3721 277 3778 memorat
307 3736 377 3777 cum
409 3714 640 3799 Dionysodoro:
676 3716 833 3794 τροςνόντες
864 3715 889 3778 t’
920 3718 999 3795 αὐτῷ
1028 3716 1219 3800 (Therameni

127 3824 240 3909 Sparta
270 3824 423 3909 redeunti)
452 3831 507 3888 τῶν
531 3850 564 3889 τε
591 3832 762 3907 reparares
784 3849 858 3897 τινες
881 3826 930 3889 acl
953 3831 1009 3889 τῶν
1031 3822 1217 3906 ταξιάρχων,

128 3931 163 3997 ὧν
189 3932 222 4009 ἦν
245 3935 465 4015 Στρομβιχίδης
492 3934 541 3998 acl
570 3933 770 4013 Διονυσόδωρος
777 3984 787 4018 ,
810 3932 861 3997 acl
884 3932 970 3998 tara
992 3934 1065 4004 τινὲς
1086 3939 1142 3996 τῶν
1165 3957 1217 3996 το-

127 4048 215 4107 terrie
245 4039 315 4107 εὖνοι
346 4042 423 4113 ὄντες
455 4043 539 4124 ὑμῖν,
572 4040 607 4113 ὥς
638 4041 670 4118 ν’
699 4042 846 4117 litterar
876 4041 1008 4122 ὕστερον,
1033 4041 1218 4118 ἠγανάκτουν

128 4152 252 4232 σφόδρα.
294 4150 365 4231 Quo
392 4152 557 4236 specimine
584 4151 828 4215 benevolentiam
851 4173 923 4235 erga
946 4151 1096 4234 populum
1119 4158 1218 4214 osten·

128 4261 249 4339 derint,
277 4261 388 4325 collata
409 4263 426 4346 q
449 4264 490 4323 39
516 4266 547 4322 et
570 4258 620 4321 all.
645 4258 774 4323 dubium
797 4282 862 4323 esse
885 4282 948 4322 non
970 4266 1089 4344 potest;
1115 4281 1217 4343 quem-

129 4371 296 4435 admodum
324 4372 405 4435 enim
427 4369 677 4455 Dionysodorus,
702 4369 740 4432 de
768 4391 829 4452 quo
853 4369 964 4433 diserte
988 4368 1046 4431 hoc
1068 4369 1198 4433 refertur
1205 4417 1215 4447 ,
