3002 5240
782 447 822 507 56

255 646 421 732 requiritur
448 647 537 724 οίρρίν
561 645 609 708 vel
632 645 729 710 simile
752 645 844 731 qnid3
866 646 992 710 fortasse
1012 644 1210 712 ίοσκαπτον.
1231 646 1341 726 ’Ἄπρα-

255 783 302 822 τον
326 758 492 821 seutentiae
516 779 578 820 non
604 757 761 820 satisfacit.
802 755 848 820 Of.
873 759 940 842 td,
966 780 1002 820 ex
1025 779 1087 842 qua
1109 763 1234 841 apparet
1258 757 1341 821 nullo

256 876 391 954 tempore
414 867 547 952 agellum
563 866 657 930 fuisse
672 866 840 931 οίδὲσποτον.
878 868 973 933 Plane
989 868 1113 954 quidem
1129 875 1238 933 neutra
1253 868 1342 932 lectio

256 1002 325 1043 cum
355 979 410 1042 illa
440 979 573 1042 sectione
604 977 760 1042 conciliari
791 987 893 1063 potest
900 1007 909 1058 3
942 980 994 1044 sed
1018 988 1119 1044 tamen
1143 979 1252 1044 melius
1276 1003 1343 1044 cum

256 1090 408 1155 σ’ίσκαππον
432 1091 498 1173 (aut
519 1088 636 1172 οίρνίν);
661 1112 732 1153 nam
755 1089 846 1154 verba
869 1091 917 1154 τὸν
940 1084 992 1169 μὲν
1015 1089 1107 1156 ἄλλον
1126 1090 1226 1170 χρόνον
1241 1090 1341 1171 ἐγεώρ-

257 1227 304 1281 γει
335 1225 396 1266 non
427 1201 519 1264 uimis
546 1200 684 1285 urgenda
706 1209 780 1264 sunt
787 1227 796 1278 3
821 1201 1028 1286 Apollodorus
1051 1204 1104 1288 qui
1129 1224 1183 1286 pei
1206 1224 1258 1265 sex
1281 1225 1344 1287 sep·

258 1323 355 1378 temvc
391 1334 485 1377 annos
520 1311 713 1396 possederat,
749 1312 864 1376 donum
897 1336 915 1376 a
944 1314 1059 1399 populo
1096 1322 1254 1398 acceptum
1285 1336 1344 1378 nou

258 1426 349 1489 nimis
373 1431 542 1487 curaverat.

302 1537 364 1619 ᾧί.
400 1532 449 1598 καί
474 1539 529 1599 τῶν
552 1535 647 1598 αὐτῶν
670 1572 715 1582 -
737 1536 933 1612 κεκτημένων,
956 1538 1005 1601 οὐκ
1023 1534 1140 1612 ἀξιοῦτε
1161 1539 1229 1616 παρ’
1240 1537 1344 1600 αὐτῶν.

259 1647 334 1710 Post
355 1648 529 1710 τῶναύτῶν
552 1644 622 1708 add.
647 1649 763 1710 παῦτοοε
788 1668 907 1730 „quum
930 1646 1005 1710 hacc
1029 1645 1083 1709 diu
1104 1646 1141 1710 ab
1157 1646 1265 1710 iisdem
1281 1667 1347 1730 pos·

258 1779 363 1838 „sessa
385 1756 481 1821 sint.”

304 1871 389 1954 tlt.
426 1866 603 1931 Admodum
626 1866 805 1952 perturbata
828 1873 902 1931 sunt
929 1877 1066 1953 tempora
1086 1875 1116 1933 et
1132 1867 1216 1932 modi
1232 1868 1265 1931 in
1281 1868 1346 1932 his:

261 1987 307 2046 νῦν
330 1981 359 2044 δὲ
381 1980 498 2050 ποίντας
521 1978 557 2045 διν
582 1980 660 2056 ὑμᾶς
683 1981 880 2057 βουλοίμην
902 1983 964 2060 περὶ
985 1983 1055 2058 ἐμοῦ
1077 1982 1189 2056 ταύτην
1207 1981 1259 2054 την
1275 1979 1349 2056 γνοί-

260 2119 317 2171 μην
341 2092 437 2173 ἔχειν,
462 2089 508 2155 tta
531 2089 667 2167 ἡγῆσθέ
690 2115 729 2169 με
752 2098 884 2167 σκοπεῖν,
908 2091 986 2172 εἴπερ
1008 2093 1141 2164 τοιούτοις
1160 2091 1251 2173 ἔρροις
1271 2095 1350 2155 ἐπε-

260 2205 418 2285 χείρουν,
443 2201 492 2267 καί
516 2199 534 2267 ὅ
552 2227 580 2267 τι
603 2199 695 2282 κέρδος
720 2201 834 2278 ἐγένετο
852 2204 893 2285 τῷ
914 2204 1094 2285 ἀφανίσαντι
1116 2203 1165 2267 καί
1181 2202 1243 2278 ἥτις
1258 2201 1351 2283 ζημία

261 2317 301 2396 τῷ
331 2315 482 2390 ποιήσαντι
515 2314 563 2377 καί
591 2313 621 2378 πί
643 2312 679 2378 διν
702 2314 794 2378 λαβὼν
818 2312 1017 2393 διεπραξάμην
1039 2313 1089 2379 καί
1112 2314 1144 2379 τί
1165 2312 1202 2379 διν
1224 2314 1350 2396 φανερὸς

260 2425 413 2505 γενόμενος
438 2426 490 2506 ὑφ’
513 2427 590 2503 ὑμῶν
613 2424 756 2505 ἔπασχον.
804 2423 877 2488 Non
899 2424 1043 2489 ferendus
1067 2433 1113 2489 est
1137 2424 1353 2488 coniunctivae

261 2544 331 2622 post
359 2537 517 2614 βουλοίμην
545 2532 598 2611 ίίν,
635 2542 780 2620 sequente
809 2544 963 2621 praeterea
986 2537 1162 2617 ἐπεχείρουν.
1209 2535 1353 2599 Fortasse

261 2648 407 2731 scriptum
437 2647 496 2711 fuit
526 2647 752 2726 ἐβουλόμην-
779 2645 813 2712 ἵν’
836 2645 958 2726 η’νησίε,
990 2653 1064 2711 noto
1094 2669 1154 2711 usu
1176 2653 1351 2732 temporum

261 2759 476 2822 historicorum
506 2758 663 2823 indicativi
695 2766 765 2844 post
795 2759 959 2844 particulas
990 2758 1106 2823 finales.
1152 2758 1234 2823 Fieri
1261 2758 1354 2823 facile

262 2870 380 2956 potuit,
412 2876 448 2934 ut
480 2890 574 2956 quum
598 2868 620 2936 Ε
645 2879 714 2956 post
741 2877 763 2930 O
790 2870 952 2936 excidisset
983 2893 1019 2937 ex
1049 2870 1171 2935 residuo
1201 2869 1354 2949 βουλίμην

244 2977 379 3047 'factum
410 2984 451 3047 sit
481 2984 649 3061 βουλοίμην.
697 2983 736 3048 In
767 2983 967 3068 sequentibus
996 2986 1037 3065 τῷ
1067 2988 1138 3069 post
1167 2982 1280 3060 ἐγένετο
1315 3005 1354 3046 ex

262 3093 340 3157 male
363 3095 501 3179 repetitis
525 3093 635 3158 litteris
658 3118 689 3158 το
713 3095 833 3159 exstitit
840 3120 850 3172 ς
873 3117 945 3158 nam
967 3117 1030 3159 uon
1052 3095 1086 3159 in
1109 3094 1284 3158 universum
1309 3093 1356 3157 lo-

263 3205 369 3288 quitur
392 3205 430 3270 de
452 3210 493 3289 τῷ
516 3207 712 3286 ἀφανίσαντι,
737 3205 788 3270 sed
813 3205 851 3270 de
867 3228 898 3269 sc
907 3232 916 3283 3
933 3214 1000 3270 tum
1015 3205 1052 3270 ίιν
1068 3228 1124 3290 per
1138 3203 1356 3289 compendium

263 3304 465 3405 decriptum
488 3318 537 3401 (cf.
563 3317 661 3381 Cobet
683 3318 715 3381 in
739 3316 777 3381 V.
802 3316 838 3382 L.
864 3319 988 3404 passim)
1013 3323 1082 3381 ante
1105 3316 1289 3398 ἀφανίσαντι
1306 3338 1357 3380 ex·

263 3431 346 3497 cidit.
389 3430 530 3514 Denique
559 3451 612 3517 pro
637 3430 904 3535 ποιησαντιευεηυ
940 3436 986 3493 est
1020 3428 1193 3493 emendatio
1224 3427 1356 3513 Kayseri

263 3542 486 3624 περιτοιησαντι.
539 3538 761 3624 Compendium
789 3551 817 3607 Π
840 3541 893 3623 (ε
917 3543 990 3626 περι)
1007 3546 1078 3604 ante
1094 3550 1122 3606 Π
1138 3540 1282 3604 omissum
1298 3546 1355 3603 aut

262 3659 296 3722 in
319 3665 348 3720 T
370 3636 524 3718 mutatum
547 3656 603 3715 est.

307 3767 409 3830 Locus
447 3763 544 3848 igitur
581 3768 666 3826 totus
690 3762 746 3826 *sic
785 3762 980 3827 scribendus:
1020 3768 1068 3828 νῦν
1106 3762 1135 3827 δὲ
1169 3760 1285 3832 ποίνπας
1316 3758 1354 3826 ίον

263 3881 342 3955 ὑμᾶς
381 3875 543 3953 ἐβουλόμην
582 3874 644 3954 περί
683 3875 753 3952 ἐμοῦ
794 3875 905 3950 ταύτην
942 3876 1001 3947 την.
1031 3874 1149 3951 γνώμην
1186 3871 1284 3954 ἔχειν,
1320 3868 1354 3935 ἵν’

260 3988 367 4066 η’ρησίέ
393 4012 433 4064 με
463 3991 594 4058 σκοπεῖν,
626 3983 705 4064 είπερ
732 3985 864 4058 τοιοιίποις
891 3984 982 4066 ἔρροις
1007 3985 1190 4066 ἐπεχείρουν,
1215 3983 1264 4047 καὶ
1287 3981 1354 4047 ὅτι

258 4099 351 4179 κέρδος
384 4094 493 4174 ἐγένετ’
525 4094 561 4160 dcv
589 4096 768 4177 οίφανίσαντι
791 4095 841 4160 καί
866 4096 927 4173 ἥτις
954 4096 1045 4177 ζημία
1068 4095 1300 4176 περιποιήσαντι,
1324 4118 1352 4159 κ.

259 4235 286 4274 τ.
322 4210 345 4274 ἐ.
392 4207 557 4271 Postremis
588 4206 660 4289 (vid.
689 4210 792 4292 supra)
816 4208 946 4293 amplius
969 4208 1146 4293 exsequitur
1168 4204 1221 4270 illa
1244 4206 1354 4282 ἐγένετ’

262 4320 299 4385 διν
328 4318 519 4403 ἀφανίσαντι.
566 4316 648 4381 Loco
680 4317 723 4381 sic
754 4320 868 4409 scripto
900 4341 964 4383 non
995 4325 1041 4382 est
1071 4317 1154 4403 quod
1186 4317 1254 4401 quis
1283 4339 1353 4380 oum

267 4432 355 4498 Doct.
378 4430 571 4499 Halhcrtsma
594 4428 631 4492 de
656 4429 798 4499 inanibus
821 4430 999 4519 ambagibus
1021 4429 1180 4496 verborum
1196 4435 1349 4518 queratur.
