2958 5238
796 435 858 496 160

282 639 375 702 lando
398 644 430 701 et
452 635 594 700 Scheibio
617 636 651 699 in
666 637 867 715 ἀποκληροῦτε
882 643 1003 700 mutare
1019 636 1155 721 placuit3
1174 638 1278 720 agitur
1295 635 1366 697 euim

282 749 320 812 de
343 746 584 823 cousuetudine,
610 746 648 808 de
672 768 707 809 eo
732 745 814 830 quod
840 748 1009 831 quotannis
1032 746 1135 811 fiebat.

326 860 343 942 b
366 859 418 921 17.
465 856 489 919 εἰ
512 856 572 936 γὰρ
594 857 794 933 οὶπορνώοεοθ’
817 858 1034 934 ὁμολογούντων
1058 861 1153 922 ωὐτῶν
1174 856 1223 921 ἐπὶ
1240 857 1308 926 τοὺς
1325 855 1369 930 ἑμ-

282 968 382 1046 πόρους
405 967 594 1030 contueantur
618 973 650 1029 et
674 968 715 1028 21
740 968 789 1031 aul
815 969 881 1038 τοὺς
905 966 1046 1046 ἐμπόρους
1069 967 1120 1050 ἐφ’
1144 965 1190 1039 οὓς
1214 964 1291 1031 οὗτοι
1314 989 1370 1028 ουν·

282 1078 415 1151 εὀτνοων.
460 1076 624 1141 Dobreus:
669 1076 858 1156 „Quomodo
902 1078 1131 1144 insidiabantur
1173 1072 1369 1142 naucleris?”

281 1185 383 1250 Facile
407 1193 453 1250 est
476 1185 515 1248 ad
538 1185 617 1250 bano
641 1187 853 1269 quaestionem
876 1187 1079 1272 respondere3
1104 1189 1283 1252 societatem
1305 1184 1372 1249 inie-

279 1305 365 1373 rant,
399 1304 435 1359 ut
466 1317 562 1380 quum
594 1303 713 1380 praeter
742 1317 794 1359 eos
817 1318 907 1360 nemo
932 1305 1063 1375 emeret,
1089 1307 1218 1382 possent
1241 1295 1370 1382 pretium

281 1407 468 1471 constituere
504 1415 534 1469 et
568 1413 753 1470 mercatores
788 1429 881 1491 parvo
918 1407 1048 1472 vendere
1080 1417 1275 1492 cogerentur.
1321 1402 1371 1465 Est

281 1524 383 1581 tamen
412 1517 471 1579 hoc
501 1539 616 1581 novum
641 1525 734 1603 caput
758 1519 981 1596 accusationis,
1007 1518 1090 1603 quod
1114 1540 1176 1582 non
1202 1517 1371 1581 continetur

281 1629 336 1705 iis,
361 1627 473 1710 quibus
498 1629 691 1712 pertractatis
715 1650 810 1712 supra
834 1635 907 1692 sect.
934 1631 952 1690 5
978 1652 1009 1692 se
1034 1637 1100 1692 tota
1115 1629 1313 1692 accusatione
1327 1622 1371 1685 de·

282 1716 424 1800 functum
448 1759 512 1800 esse
536 1737 659 1801 dicebat
682 1744 784 1801 orator
807 1740 861 1823 (7).

326 1849 343 1930 d
368 1849 419 1909 18.
465 1849 670 1924 ἀναμνήσθητε
701 1847 725 1912 δ’
748 1845 769 1912 ὦ
796 1847 894 1929 ἄνδρες
921 1849 1078 1923 δοκονοτωί,
1110 1845 1153 1912 ὅτι
1185 1852 1302 1912 πολλῶν
1323 1843 1368 1918 ἤδη

282 1957 408 2037 ἐχόντων
440 1959 552 2034 τούτων
580 1959 632 2032 τὴν
663 1957 761 2023 οοίτνόον
795 1957 963 2034 λοομβοὶνενν
994 1957 1044 2022 κον)
1067 1956 1220 2039 μοὶρτυρως
1244 1975 1368 2035 ποορεχο-

281 2068 373 2144 μένων
393 2071 515 2135 θοὶνωτον
537 2071 715 2148 κατέγνωτε.
743 2069 973 2133 Westermanni
990 2070 1184 2146 coniectura,
1202 2090 1295 2153 quam
1310 2084 1367 2128 nou

281 2180 481 2264 intellegebat
497 2179 677 2258 Scheibius,
698 2180 772 2243 haec
789 2188 851 2244 est:
874 2182 986 2255 τούτων
1006 2181 1058 2253 τὴν
1077 2181 1192 2262 ωἰτίοον,
1214 2176 1308 2262 (ἄλλο)
1322 2177 1366 2238 τοῦ

277 2292 322 2365 μ)
341 2290 418 2365 δίκην
438 2294 517 2370 ὑμᾶς
535 2293 605 2371 ποορ
625 2293 730 2374 ωὐτῶν)
749 2268 919 2370 λοομβοένενν
939 2293 988 2357 κον)
1009 2292 1159 2371 μοὶρτυροος
1176 2316 1205 2355 κ.
1218 2316 1246 2355 τ.
1260 2291 1299 2371 ὲ,
1319 2281 1366 2348 sed

278 2399 406 2464 fortasse
429 2401 480 2464 κου’
502 2404 585 2484 (ante
608 2403 711 2486 μοὶρτ.)
734 2401 828 2466 simul
849 2396 997 2466 omissum
1020 2402 1130 2466 voluit.
1166 2400 1319 2485 Kayserus
1336 2394 1364 2455 in

279 2508 392 2572 Philol.
417 2509 473 2573 XI.
503 2512 582 2573 165:
606 2510 757 2575 λωνθοὶνενν
774 2512 814 2595 (δὲ
829 2513 1020 2595 πειρωμένων)
1036 2513 1096 2576 κου’.
1137 2509 1308 2574 Muellerus
1324 2502 1360 2565 ib·

279 2617 355 2682 XII.
382 2620 460 2681 104:
490 2621 572 2700 (ἀλλ’
604 2622 634 2684 οὐ
665 2621 860 2704 βουλομένων)
883 2620 1064 2698 λοομβοένενν.
1111 2620 1251 2684 Dobreus
1275 2616 1364 2682 ωἰτίων

278 2730 339 2813 (νων)
369 2730 555 2813 ἀρνουμένων)
585 2731 645 2794 κου’.
693 2711 825 2814 Aliquid
857 2730 1006 2794 excidisse
1037 2737 1178 2815 apertum
1208 2738 1254 2794 est
1259 2755 1269 2807 3
1293 2741 1364 2810 quae

279 2839 451 2923 supplenda
475 2841 555 2917 siut,
579 2839 720 2904 dubium.
754 2840 985 2905 Westermanni
1007 2850 1111 2905 tamen
1136 2834 1363 2917 sententialis&

277 2952 320 3029 μὴ
344 2950 420 3024 δίκην
443 2950 631 3028 λονμβνένενν,
655 2958 688 3016 ut
710 2974 747 3015 oc
766 2975 817 3016 voa
837 2954 1006 3035 sumeretis)
1023 2951 1099 3015 mibi
1116 2952 1191 3014 satis
1209 2940 1363 3036 probabilis

277 3059 410 3123 videtur.

321 3171 338 3253 d
361 3172 401 3231 21
433 3191 504 3233 cum
527 3169 649 3233 Dobreo
679 3168 843 3253 legendum
870 3171 953 3250 πορν)
978 3169 1085 3235 τούτων
1106 3192 1161 3254 pro
1182 3166 1358 3249 τορόοὐτῶν.

323 3276 432 3341 Oratio
456 3281 522 3343 aine
546 3280 641 3343 dubio
664 3279 811 3363 Lysiaca;
836 3303 906 3344 nam
927 3303 963 3344 ea
984 3281 1076 3344 etiam
1092 3303 1171 3364 quae
1186 3281 1289 3344 minus
1304 3270 1360 3357 pla·

277 3395 366 3452 ceant
389 3388 427 3452 ab
451 3390 516 3453 eius
540 3389 664 3453 dicendi
687 3390 784 3453 forma
808 3400 901 3474 atque
924 3391 1049 3474 iugenio
1073 3412 1137 3454 non
1161 3390 1260 3453 aliena
1283 3384 1358 3446 sunl·

276 3497 459 3561 Notandum
482 3507 585 3562 tamen
608 3499 751 3563 futurum
775 3501 964 3583 a'tadooaard
984 3502 1039 3576 ll,
1056 3500 1090 3563 iu
1106 3499 1176 3563 loco
1192 3487 1359 3575 ceteroquin

275 3608 401 3671 minime
425 3617 576 3693 suspecto.
623 3608 702 3672 Inde
726 3616 757 3672 et
781 3631 817 3672 ex
841 3608 942 3693 eapite
966 3609 1063 3672 altero
1088 3606 1293 3671 accusationis
1311 3614 1359 3660 511⁰

275 3717 344 3782 loco
376 3719 488 3782 omisso
519 3720 570 3802 (cf.
594 3721 611 3803 d
637 3721 689 3802 17)
713 3719 901 3782 recensionis
924 3718 1023 3782 multo
1048 3725 1117 3803 post
1141 3717 1270 3781 oratoris
1292 3724 1360 3774 mor·

276 3835 341 3891 tem
363 3829 461 3892 factae
485 3838 666 3912 argumenta
690 3831 760 3912 quis
784 3837 879 3914 petat.

418 4059 510 4103 XXIII.
540 4066 616 4105 Rara
637 4066 829 4109 narKAmuoz
849 4068 897 4105 ΟΤΙ
919 4066 976 4105 ΟΤΚ
996 4067 1037 4105 ΗΝ
1060 4066 1229 4106 nosnatura.

321 4262 424 4326 Multa
454 4263 487 4326 iu
519 4263 576 4327 hac
607 4264 746 4327 oratioue
778 4261 958 4339 offendunt,
992 4261 1106 4344 quibus
1130 4283 1214 4325 nunc
1235 4241 1354 4321 τοιονδίΒ

277 4374 416 4440 adhiberi
440 4396 501 4438 nou
526 4383 665 4459 possunt.
713 4375 759 4436 Ac
784 4371 917 4456 primum
941 4372 979 4434 de
1003 4372 1143 4456 singulis.
