2994 5234
814 471 875 530 164

295 676 341 732 est
358 670 386 752 (q
405 668 467 750 ll).
512 664 606 728 Nunc
630 687 700 728 vero
724 672 796 729 aute
818 666 919 731 forum
943 667 1139 732 Polemarehi
1162 690 1269 732 rursus
1293 668 1378 731 adest.
1473 680 1475 719 ῑ

294 779 437 843 Certatur
460 777 498 841 de
520 780 710 858 ἀντιγραφῇ,
736 784 773 840 ut
795 785 922 861 apparet
946 801 983 841 ex
1006 780 1023 862 q
1043 782 1102 842 10:
1127 788 1181 854 τῆς
1198 802 1232 844 τε
1250 781 1379 859 averna-

293 895 354 968 φῆς
382 885 467 952 ἕνεκοο
497 888 653 960 ταυτησὶ
684 885 732 950 aa>
765 889 857 961 αὐτῆς
889 895 941 962 τῆς
974 888 1053 964 δίκης
1087 890 1175 972 (nim.
1208 888 1378 973 principalis

293 998 420 1062 actionis
443 996 592 1073 iniuriae,
616 997 633 1080 q
654 997 686 1078 2)
709 1003 740 1060 et
757 995 880 1080 quidem
897 996 1056 1080 aliquanto
1073 1007 1236 1082 postquam
1252 999 1378 1083 primum

293 1130 386 1172 eausa
416 1107 449 1170 in
476 1108 525 1170 ius
553 1107 656 1170 delata
681 1112 744 1182 est;
769 1128 838 1170 uam
863 1129 943 1190 quae
966 1107 1005 1171 de
1030 1106 1198 1172 Nicomede
1221 1117 1378 1173 narrantur

251 1290 257 1297 ¹
293 1220 320 1302 (q
335 1220 367 1302 9)
383 1218 625 1282 intercesserant.
661 1215 709 1278 De
733 1217 905 1297 οὶοτιρροιφρῑ
930 1218 993 1280 sive
1010 1225 1199 1299 οιοοροογροοφῇ
1222 1220 1260 1283 of.
1278 1219 1376 1282 Meier.

293 1335 323 1392 et
346 1326 548 1391 Schoemaun.
574 1349 605 1411 p.
631 1329 705 1391 647.

336 1436 383 1499 De
414 1436 506 1499 huius
538 1435 686 1498 orationis
718 1416 842 1499 auctore
873 1435 1053 1502 dubitanter
1077 1437 1217 1522 loquitur
1239 1439 1271 1501 in
1293 1437 1375 1500 Mise.

291 1546 382 1610 Obss.
416 1544 543 1609 Amstel.
573 1542 608 1606 T.
625 1541 700 1606 VII.
732 1567 762 1628 p.
788 1547 851 1607 319
886 1545 931 1608 vir
960 1545 1069 1609 doetus
1098 1546 1210 1629 aliquis
1233 1546 1376 1629 (Dobreus

292 1654 561 1719 Hemsterhusium
592 1652 687 1731 dicit,
720 1654 774 1717 sed
806 1654 996 1739 subscriptae
1032 1665 1104 1720 sunt
1128 1656 1375 1737 litterarum).

290 1765 442 1848 Equidem
466 1762 615 1847 spondere
639 1765 755 1843 ausim,
780 1762 859 1827 haue
882 1764 1044 1848 Lysiaeam
1068 1788 1150 1842 esse,
1175 1765 1229 1829 sed
1249 1768 1376 1829 aut'non

290 1877 364 1939 satis
387 1874 425 1937 ab
449 1881 572 1938 auctore
597 1880 652 1936 aut
675 1873 749 1937 satis
774 1896 926 1959 superque
947 1875 985 1938 ab
1007 1875 1075 1938 aliis
1093 1875 1238 1941 refietam.
1269 1874 1376 1937 Rerum

291 1984 476 2048 enarrationi
500 2006 562 2047 uon
587 1983 700 2048 desunt
723 1984 842 2047 lumina
865 2007 921 2048 sua
928 2011 937 2061 3
962 1984 1056 2048 habet
1080 1984 1155 2047 haee
1178 1983 1373 2057 evidentiam,

291 2116 368 2177 quae
401 2093 510 2177 Lysiae
541 2094 664 2178 propria
696 2101 759 2169 est3
789 2093 843 2156 sed
874 2092 1005 2156 subinde
1036 2114 1133 2156 nexus
1163 2094 1402 2163 sententiarum,

289 2224 351 2266 non
372 2203 523 2286 optimus,
546 2212 576 2268 et
595 2203 685 2287 plena
705 2205 856 2288 expositio
880 2226 990 2268 causae
1013 2203 1216 2267 desideratur.
1252 2204 1283 2266 Si
1305 2202 1374 2265 divi·

288 2314 356 2376 nari
379 2312 468 2391 licet,
494 2314 622 2378 dixerim
647 2315 800 2399 epitomen
824 2337 903 2392 esse,
928 2336 1008 2396 quae
1032 2315 1164 2377 conferri
1187 2315 1286 2399 possit
1308 2334 1371 2376 oum

291 2424 386 2487 altera
410 2423 643 2488 Theomnestea.
690 2423 819 2487 Alienae
851 2446 960 2487 manus
993 2423 1142 2487 indicium
1165 2430 1239 2487 suut
1261 2442 1373 2506 quoque

234 2570 240 2575 ·
287 2532 378 2596 verba
409 2534 460 2596 κοοί
487 2557 534 2606 μοι
565 2533 696 2610 ἐπίλαβε
728 2533 761 2598 τὸ
790 2530 875 2613 ὕδωρ,
900 2555 979 2617 quae
1003 2534 1036 2596 iu
1059 2532 1169 2617 Lysiae
1192 2529 1370 2596 orationibus

287 2641 362 2705 alibi
393 2643 443 2704 viu
473 2642 676 2704 inveniuntur
707 2649 737 2705 et
769 2663 832 2705 non
856 2650 928 2726 apta
952 2651 1025 2706 sunt
1048 2641 1191 2707 brevitati
1215 2642 1319 2715 huius,
1341 2639 1369 2699 in

287 2773 347 2835 qua
370 2751 484 2815 oranda
507 2773 570 2814 uon
593 2751 761 2816 verendum
785 2760 850 2815 erat
873 2775 911 2815 ne
935 2760 1058 2836 tompus
1082 2751 1209 2816 deesset.

610 2986 702 3030 XXIV.
734 2993 804 3032 THE?
826 2994 881 3032 Tou
899 2993 1062 3059 ΙΑΔΤΝΑΤΟΤ.

329 3186 346 3268 q
372 3188 399 3247 l.
436 3185 582 3263 πρόφασιν
602 3184 695 3266 ἐφ’ἧς
714 3193 765 3251 τοῦ
781 3187 846 3263 βίον
864 3188 951 3264 λόγον
967 3188 1049 3262 δοίην.
1080 3187 1178 3263 Usus,
1195 3188 1256 3250 uisi
1271 3185 1363 3259 fallor,
1470 3254 1471 3269 2

285 3293 422 3377 postulat
444 3294 494 3372 ἐφ’
517 3291 544 3373 ᾗ.

328 3404 397 3486 Μ.
443 3403 553 3474 τούτοις
579 3406 680 3484 φθονεῖ
706 3402 753 3476 οὓς
777 3407 801 3469 οἱ
824 3403 909 3470 ἄλλοι
934 3408 1054 3472 ἐλεοῦσι.
1102 3407 1302 3470 Attraetiouis
1322 3424 1365 3466 ue·
1470 3458 1471 3493 ;

283 3511 399 3595 gleotae
429 3512 566 3597 exempla
598 3513 691 3577 allata
722 3522 797 3580 sunt
829 3537 846 3578 a
878 3514 1054 3599 Kruegero,
1090 3515 1204 3598 quibus
1229 3512 1365 3599 quaedam

283 3620 389 3685 addidi
412 3621 559 3705 (Gramm.
575 3625 593 3707 q
609 3624 661 3686 51.
680 3625 717 3687 A.
735 3627 800 3708 44).
834 3625 915 3689 Add.
938 3647 1029 3710 porro
1045 3624 1126 3688 Xen.
1145 3624 1228 3688 Hell.
1246 3624 1270 3687 I.
1289 3626 1315 3685 5.
1331 3623 1362 3695 3,

281 3728 636 3816 Lycurg.§127,Plat.
654 3731 745 3818 prl.
763 3733 808 3797 H.
826 3737 901 3798 366.
920 3734 964 3813 Ε,
983 3735 1071 3798 Deru.
1089 3737 1120 3797 4.
1139 3736 1170 3797 6.
1188 3732 1362 3796 ettalus.

281 3839 353 3923 Lys.
380 3843 432 3904 14.
457 3844 517 3904 40:
542 3848 597 3906 τῶν
619 3840 704 3923 ὅρκων
728 3841 774 3915 οὓς
798 3844 944 3921 dodrans.
981 3845 1096 3909 Contra
1123 3845 1162 3906 10
1189 3841 1363 3908 subterit

281 3948 367 4028 ὅρκοις
390 3945 429 4021 οἷς
453 3951 628 4027 ὀμωμόκατε
651 3960 681 4016 et
705 3956 757 4016 31.
784 3956 802 4015 2
827 3961 887 4024 τοῖς
911 3953 1014 4032 ὅρκοις,
1039 3949 1078 4025 οἷς
1101 3954 1203 4031 sipara
1225 3948 1359 4036 (Lobeok.

283 4057 321 4121 ad
338 4058 388 4121 Αἱ.
407 4082 437 4143 p.
456 4061 541 4141 273).
577 4058 703 4124 Nullam
727 4062 815 4125 video
840 4078 981 4138 eausam,
1007 4084 1100 4147 quare
1122 4061 1231 4145 Lysias
1253 4069 1309 4132 τοῖς
1327 4056 1362 4138 ὅρ-

282 4191 338 4238 κοις
347 4217 356 4252 ,
376 4163 416 4240 οἷς
433 4166 582 4246 dedisset,
602 4191 664 4233 non
687 4192 756 4234 vero
782 4178 838 4236 τῶν
853 4170 937 4250 ὅρκιον
952 4168 1005 4246 ὧν,
1020 4194 1076 4235 neo
1092 4193 1186 4255 quare
1201 4169 1248 4244 οὓς
1264 4173 1361 4236 ἐλεοῦσι

282 4279 386 4362 potius
409 4299 500 4362 quam
523 4274 572 4351 οἷς.
619 4278 679 4342 sed
702 4282 719 4364 q
743 4282 761 4341 6
786 4281 938 4345 sententia
960 4281 1077 4365 flagitat
1101 4289 1137 4346 ut
1160 4289 1266 4346 contra
1284 4272 1359 4340 MSS.

283 4388 395 4451 omissa
411 4387 606 4451 'attractione
634 4388 755 4472 legatur
777 4387 827 4464 ab,
853 4390 998 4471 quoniam
1021 4390 1191 4454 membrum
1213 4387 1360 4453 relativum
