2994 5234
540 462 548 477 ‘
630 465 694 526 223

117 668 220 726 orator
238 668 397 746 postquam
421 661 566 746 Ergocles
589 662 691 724 iussus
708 668 788 724 esset
803 683 926 725 cansam
946 661 1077 726 Athenis
1093 662 1208 741 dicere,

119 779 154 836 ut
185 771 303 836 scilicet
333 772 432 836 minas
463 779 494 836 et
520 771 690 835 calumnias
714 771 826 835 civium
850 778 1044 835 contemnere
1066 780 1208 856 possent,

118 882 254 967 pertinet
282 881 319 945 ad
338 888 445 967 ροηίιιο
468 881 672 966 expeditionis
696 881 793 956 facta3
817 881 856 944 cf.
880 880 960 945 Xeri.
985 881 1006 945 l.
1030 881 1052 944 l.
1076 882 1209 964 (brevius

118 990 278 1055 Diodorus
304 992 354 1054 14.
380 993 452 1074 94);
476 998 507 1054 et
524 990 584 1054 sibi
602 1011 766 1073 occupasse
785 988 1011 1074 Thrasybulum
1028 990 1210 1074 Byzantium

120 1122 184 1164 uon
215 1106 262 1162 est
291 1099 467 1184 probabile,
499 1100 525 1163 si
553 1099 691 1163 conteras
714 1098 930 1183 Xenophontis
954 1100 1134 1164 relationem
1158 1101 1212 1184 qui

118 1207 319 1288 μετέστησεν,
348 1210 469 1295 inquit,
501 1208 534 1287 ἐξ
563 1211 742 1290 ὀλιγαρχίας
766 1211 806 1282 εἷς
824 1210 857 1275 τδ
880 1210 1118 1290 δημοκρατεῖσθαι
1145 1210 1211 1283 τοὺς

117 1318 311 1400 Βυζαντίους,
329 1317 397 1384 ὥστ’
418 1321 469 1383 οὐκ
488 1319 630 1399 exaratas
647 1319 719 1400 ἕοίρα
738 1318 752 1383 d
771 1324 827 1384 τῶν
846 1318 1006 1399 Βυζαντίαν
1024 1320 1113 1397 δῆμος
1131 1321 1214 1394 'Ata-

119 1430 215 1501 ναίους
246 1425 289 1493 ὅτι
325 1429 480 1499 πλείστους
504 1427 651 1508 παρόντας
675 1428 703 1492 ἐν
725 1437 763 1508 τῇ
786 1428 869 1493 πόλει
893 1428 921 1511 (b
944 1430 1015 1509 27);
1039 1435 1107 1492 tum
1130 1429 1213 1513 quod
1322 1486 1335 1497 .

118 1538 237 1602 dicitur
259 1535 406 1621 Ergocles
430 1536 569 1600 civitates
592 1535 764 1620 prodidisse
779 1535 889 1620 (πόλεις
908 1536 1096 1622 τροδεδυκώς)
1116 1538 1213 1602 eidem

119 1647 326 1734 exaggerandi
357 1645 461 1709 studio
489 1645 647 1724 adscrib03
671 1645 751 1709 nihil
774 1645 902 1710 tortasse
928 1647 1097 1724 commisit,
1122 1669 1213 1731 quam

118 1758 204 1846 quod
236 1759 269 1822 in
299 1765 437 1840 tempore
471 1754 562 1818 sociis
592 1754 722 1818 urbibus
750 1776 814 1818 non
837 1755 1024 1820 subvenerit.
1071 1755 1215 1821 Ceterum

118 1866 245 1954 Ergocli
265 1866 379 1930 crimen
399 1864 525 1947 aliquod
545 1864 675 1949 capitale
694 1864 779 1928 velut
798 1864 959 1949 peculatus
977 1866 1044 1929 iure
1060 1867 1214 1931 obiectum

118 1981 215 2044 fuisse
240 1976 309 2061 quis
333 1974 447 2038 infitias
471 1974 515 2038 ire
539 1972 674 2038 audeat?
716 1974 888 2039 Damnatus
910 1984 956 2039 est
974 1976 1100 2060 utique3
1121 1976 1214 2040 duces

119 2097 225 2154 autem
248 2084 328 2149 male
351 2091 540 2147 sustentatos
563 2083 740 2148 domesticis
764 2084 875 2169 opibus
900 2084 1031 2149 subinde
1054 2107 1142 2169 aegre
1167 2093 1216 2149 tu-

117 2200 210 2277 lisse,
236 2197 263 2260 si
286 2216 304 2257 a
327 2194 441 2278 populo
464 2194 780 2278 reprehenderentur,
803 2206 835 2259 et
862 2217 925 2260 non
953 2217 1071 2280 semper
1095 2197 1212 2261 civibus

118 2311 174 2396 qui
198 2306 283 2372 domi
306 2310 394 2369 erant
411 2303 592 2386 obsequium
609 2304 796 2388 praestitisse
814 2303 942 2368 historia
957 2311 1128 2390 temporum
1144 2308 1215 2371 sub-

6 2424 7 2441 l
117 2425 296 2484 secutorum
327 2415 400 2478 satis
431 2413 537 2492 docet3
568 2414 683 2480 malum
714 2415 752 2479 ab
785 2415 832 2479 his
858 2416 954 2480 initiis
977 2417 1147 2500 profectum
1170 2418 1215 2481 ita

5 2564 6 2567 ¹
117 2528 232 2595 deinde
255 2531 427 2610 grassatum
451 2532 515 2602 est,
541 2534 577 2587 ut
599 2523 714 2589 Chares
731 2535 762 2589 et
777 2525 979 2591 Charidemus
996 2529 1086 2592 etiam
1103 2528 1213 2591 exteris

117 2636 296 2704 civitatibus
319 2655 442 2719 operam
465 2655 554 2697 suam
578 2632 726 2699 locarent.

165 2745 306 2829 Ergoclis
338 2743 463 2806 crimina
491 2742 581 2826 plura
610 2753 886 2809 commemorantur
915 2746 1093 2830 peculatus,
1118 2748 1214 2810 socio-

119 2879 191 2922 rum
221 2854 359 2930 venatio,
392 2854 585 2917 contumacia
615 2876 687 2938 erga
710 2857 923 2941 magistratus,
947 2858 985 2921 cf.
1009 2859 1027 2942 t
1051 2859 1086 2934 l,
1112 2860 1149 2935 3,
1176 2860 1214 2935 5,

122 2970 184 3043 ll,
219 2964 269 3028 17.
318 2964 422 3027 Etiam
458 2964 549 3042 δήμου
584 2967 777 3039 καταλύσεως
811 2967 925 3031 crimen
957 2969 984 3032 ei
1007 2967 1214 3032 obiiciendum

118 3097 187 3141 esse
219 3074 356 3137 evincere
387 3081 516 3137 conatur
546 3081 649 3138 orator
680 3077 697 3159 b
730 3078 788 3138 ll:
813 3073 891 3147 ὅστις
913 3079 942 3140 ἕν
961 3077 1090 3160 τοσαύτη
1111 3079 1217 3161 οὲσορίρι

117 3189 177 3250 τῶν
210 3182 353 3262 ὑμετέραν
384 3182 570 3263 πραγμάτων
600 3184 617 3259 ἢ
645 3183 744 3256 πόλεις
767 3185 930 3266 προδίδωσιν
952 3186 968 3261 ἢ
987 3189 1135 3266 χρηματα
1153 3188 1218 3252 κλέ-

1 3305 2 3308 ’
118 3317 205 3359 πτειν
225 3292 242 3367 ἢ
266 3291 422 3371 δωροδοκεῖν
444 3290 535 3369 ditat,
561 3287 641 3365 οὗτος
664 3295 713 3358 καὶ
737 3295 779 3358 τὰ
801 3296 889 3374 τείχη
912 3294 962 3358 καὶ
985 3296 1041 3367 τοὶς
1064 3303 1134 3369 ναῦς
1157 3305 1216 3372 τοῖς

119 3402 271 3477 πολεμίοις
302 3401 449 3483 προδίδωσι
478 3403 526 3466 καί
558 3404 787 3487 ὀλιγαρχίαν
816 3405 853 3468 ἐκ
884 3404 1129 3485 δημοκρατίας
1159 3432 1218 3473 κα-

119 3513 303 3586 θίστησιν,
328 3510 366 3574 de
389 3511 502 3595 quibus
527 3511 672 3576 omnibns
697 3534 751 3597 per
773 3512 965 3591 είςααγελίαν
985 3516 1044 3598 (δια
1060 3518 1218 3598 τηντριίιην

121 3619 283 3694 ἐκκλησίαν
305 3621 322 3704 b
345 3622 377 3703 9)
401 3621 512 3704 agitur.
559 3622 668 3687 Oratio
693 3631 740 3686 est
764 3644 831 3686 vere
853 3622 998 3707 Lysiaca,
1023 3635 1059 3688 ut
1074 3625 1217 3690 dictionis

123 3729 297 3815 proprietas
329 3729 444 3814 optime
473 3730 573 3795 docet.
620 3731 692 3795 Non
724 3754 742 3795 a
771 3731 865 3817 Lysia
887 3733 1031 3799 abhorret
1053 3736 1218 3821 hyperbole

126 3841 144 3923 p
171 3840 189 3900 1
214 3835 281 3902 ὥστ’
304 3841 355 3904 οὐκ
377 3837 414 3904 ι’ίν
435 3864 484 3917 μοι
503 3840 581 3906 δοκεῖ
596 3841 733 3907 δυύασίαι
751 3841 912 3924 Ἐργοκλῆς
931 3844 1000 3927 ὑπὲρ
1017 3845 1075 3919 ἑνὸς
1094 3846 1218 3912 ἕκαστον

126 3953 183 4011 τῶν
211 3947 426 4026 τετραμμένων
457 3952 538 4031 αὐτῷ
569 3950 713 4024 τολλοίκις
742 3954 891 4019 ἀποθανὼν
914 3953 1008 4018 δοῦναι
1031 3955 1109 4030 δίκην
1130 3955 1218 4031 οὶξίοιν

126 4056 169 4135 τῷ
200 4055 325 4135 ὑμετέρῳ
356 4059 477 4135 πλήθει,
505 4059 542 4122 cf.
570 4062 624 4123 12.
647 4061 687 4126 37
699 4086 708 4138 ς
733 4062 868 4126 sectione
896 4066 915 4125 2
940 4064 1116 4145 ὀργίζεσθαι,
1140 4089 1218 4131 eece·

127 4187 197 4229 ram
220 4187 253 4228 ae
274 4168 403 4230 iudicem
421 4170 587 4252 praebere,
610 4169 648 4234 cf.
673 4169 711 4233 ad
736 4174 789 4235 ab.
816 4174 874 4250 143
904 4175 921 4257 b
947 4176 964 4234 5
988 4172 1089 4247 ἄλλοις
1111 4200 1146 4241 τε
1167 4178 1220 4241 καί

128 4274 220 4337 initio
251 4276 418 4339 sententiae
450 4278 601 4361 positum,
634 4280 671 4343 cf.
696 4280 734 4343 ad
761 4283 812 4346 la.
840 4285 896 4361 13,
924 4306 953 4368 p.
981 4286 1043 4347 138
1049 4310 1058 4362 3
1089 4285 1218 4370 §dibu

129 4384 219 4447 initio
250 4384 383 4450 directae
414 4388 577 4453 orationis:
609 4386 644 4453 ἵν’
670 4388 765 4456 αὐτῶν
792 4393 935 4479 ἔκκίψης,
958 4394 1035 4479 ἔφη,
1059 4396 1116 4468 τοὶς
1139 4388 1219 4459 συκο-
