<?xml version="1.0" encoding="UTF-8"?>
<!DOCTYPE html PUBLIC "-//W3C//DTD XHTML 1.0 Transitional//EN"
    "http://www.w3.org/TR/xhtml1/DTD/xhtml1-transitional.dtd">
<html xmlns="http://www.w3.org/1999/xhtml" xml:lang="en" lang="en">
 <head>
  <title>
</title>
<meta http-equiv="Content-Type" content="text/html;charset=utf-8" />
  <meta name='ocr-system' content='tesseract 3.04.00' />
  <meta name='ocr-capabilities' content='ocr_page ocr_carea ocr_par ocr_line ocrx_word'/>
</head>
<body>
  <div class='ocr_page' id='page_1' title='image "./commentationesl03frangoog_0224.png"; bbox 0 0 2994 5234; ppageno 0'>
   <div class='ocr_carea' id='block_1_1' title="bbox 122 712 1211 798">
    <p class='ocr_par' dir='ltr' id='par_1_1' title="bbox 122 712 1211 798">
     <span class='ocr_line' id='line_1_1' title="bbox 122 712 1211 798; baseline 0 -22"><span class='ocrx_word' id='word_1_1' title='bbox 122 719 152 776; x_wconf 90' lang='lat' dir='ltr'>et</span> <span class='ocrx_word' id='word_1_2' title='bbox 174 712 335 797; x_wconf 90' lang='lat' dir='ltr'>prudentis</span> <span class='ocrx_word' id='word_1_3' title='bbox 358 713 487 776; x_wconf 86' lang='lat' dir='ltr'>oratoris</span> <span class='ocrx_word' id='word_1_4' title='bbox 510 735 573 776; x_wconf 91' lang='lat' dir='ltr'>non</span> <span class='ocrx_word' id='word_1_5' title='bbox 597 718 643 776; x_wconf 90' lang='lat' dir='ltr'>est</span> <span class='ocrx_word' id='word_1_6' title='bbox 667 734 848 798; x_wconf 82' lang='lat' dir='ltr'>exaggerare</span> <span class='ocrx_word' id='word_1_7' title='bbox 871 734 936 789; x_wconf 89' lang='lat' dir='ltr'>res,</span> <span class='ocrx_word' id='word_1_8' title='bbox 961 734 1038 795; x_wconf 89' lang='lat' dir='ltr'>quae</span> <span class='ocrx_word' id='word_1_9' title='bbox 1061 712 1151 775; x_wconf 85' lang='lat' dir='ltr'>facile</span> <span class='ocrx_word' id='word_1_10' title='bbox 1174 712 1211 777; x_wconf 90' lang='lat' dir='ltr'>ab</span> 
     </span>
    </p>
   </div>
   <div class='ocr_carea' id='block_1_2' title="bbox 4 823 1214 1352">
    <p class='ocr_par' dir='ltr' id='par_1_2' title="bbox 4 823 1214 1352">
     <span class='ocr_line' id='line_1_2' title="bbox 121 823 1214 910; baseline 0.004 -26"><span class='ocrx_word' id='word_1_11' title='bbox 121 823 293 887; x_wconf 85' lang='lat' dir='ltr'>adversario</span> <span class='ocrx_word' id='word_1_12' title='bbox 322 823 466 908; x_wconf 78' lang='lat' dir='ltr'>redargui</span> <span class='ocrx_word' id='word_1_13' title='bbox 493 832 632 910; x_wconf 81' lang='lat' dir='ltr'><strong>possunt.</strong></span> <span class='ocrx_word' id='word_1_14' title='bbox 680 825 739 889; x_wconf 86' lang='lat' dir='ltr'>Sed</span> <span class='ocrx_word' id='word_1_15' title='bbox 763 848 855 909; x_wconf 86' lang='lat' dir='ltr'>quarn</span> <span class='ocrx_word' id='word_1_16' title='bbox 880 825 1022 889; x_wconf 89' lang='lat' dir='ltr'>credulus</span> <span class='ocrx_word' id='word_1_17' title='bbox 1046 826 1139 888; x_wconf 88' lang='lat' dir='ltr'>fuerit</span> <span class='ocrx_word' id='word_1_18' title='bbox 1162 848 1214 909; x_wconf 93' lang='lat' dir='ltr'>po-</span> 
     </span>
     <span class='ocr_line' id='line_1_3' title="bbox 120 932 1214 1019; baseline 0.002 -23"><span class='ocrx_word' id='word_1_19' title='bbox 120 932 220 1017; x_wconf 88' lang='lat' dir='ltr'>pellus</span> <span class='ocrx_word' id='word_1_20' title='bbox 243 933 384 1011; x_wconf 89' lang='lat' dir='ltr'>Atticus,</span> <span class='ocrx_word' id='word_1_21' title='bbox 410 955 502 1017; x_wconf 89' lang='lat' dir='ltr'>quam</span> <span class='ocrx_word' id='word_1_22' title='bbox 525 934 604 998; x_wconf 88' lang='lat' dir='ltr'>nihil</span> <span class='ocrx_word' id='word_1_23' title='bbox 627 957 689 998; x_wconf 90' lang='lat' dir='ltr'>non</span> <span class='ocrx_word' id='word_1_24' title='bbox 713 935 900 1019; x_wconf 87' lang='lat' dir='ltr'>probaverit,</span> <span class='ocrx_word' id='word_1_25' title='bbox 926 935 1009 1019; x_wconf 91' lang='lat' dir='ltr'>quod</span> <span class='ocrx_word' id='word_1_26' title='bbox 1033 935 1126 999; x_wconf 89' lang='lat' dir='ltr'>semel</span> <span class='ocrx_word' id='word_1_27' title='bbox 1149 958 1214 998; x_wconf 87' lang='lat' dir='ltr'>sus-</span> 
     </span>
     <span class='ocr_line' id='line_1_4' title="bbox 120 1041 1212 1128; baseline 0.003 -23"><span class='ocrx_word' id='word_1_28' title='bbox 120 1050 229 1126; x_wconf 80' lang='lat' dir='ltr'>ceptae</span> <span class='ocrx_word' id='word_1_29' title='bbox 260 1041 398 1126; x_wconf 91' lang='lat' dir='ltr'>opinioni</span> <span class='ocrx_word' id='word_1_30' title='bbox 428 1043 466 1105; x_wconf 91' lang='lat' dir='ltr'>de</span> <span class='ocrx_word' id='word_1_31' title='bbox 496 1043 586 1128; x_wconf 89' lang='lat' dir='ltr'>culpa</span> <span class='ocrx_word' id='word_1_32' title='bbox 615 1043 745 1120; x_wconf 77' lang='lat' dir='ltr'>faveret,</span> <span class='ocrx_word' id='word_1_33' title='bbox 773 1066 836 1107; x_wconf 96' lang='lat' dir='ltr'>non</span> <span class='ocrx_word' id='word_1_34' title='bbox 866 1065 928 1107; x_wconf 93' lang='lat' dir='ltr'>uno</span> <span class='ocrx_word' id='word_1_35' title='bbox 961 1043 1028 1107; x_wconf 93' lang='lat' dir='ltr'>loco</span> <span class='ocrx_word' id='word_1_36' title='bbox 1058 1044 1212 1108; x_wconf 87' lang='lat' dir='ltr'>docemur.</span> 
     </span>
     <span class='ocr_line' id='line_1_5' title="bbox 119 1150 1213 1236; baseline 0.002 -22"><span class='ocrx_word' id='word_1_37' title='bbox 119 1150 238 1236; x_wconf 85' lang='lat' dir='ltr'>Lepide</span> <span class='ocrx_word' id='word_1_38' title='bbox 277 1151 497 1235; x_wconf 84' lang='lat' dir='ltr'>Aristophanes</span> <span class='ocrx_word' id='word_1_39' title='bbox 537 1151 568 1215; x_wconf 90' lang='lat' dir='ltr'>in</span> <span class='ocrx_word' id='word_1_40' title='bbox 608 1152 856 1216; x_wconf 85' lang='lat' dir='ltr'>Acharnensibus</span> <span class='ocrx_word' id='word_1_41' title='bbox 897 1174 963 1216; x_wconf 89' lang='lat' dir='ltr'>eam</span> <span class='ocrx_word' id='word_1_42' title='bbox 1002 1152 1213 1216; x_wconf 86' lang='lat' dir='ltr'>credulitatem</span> 
     </span>
     <span class='ocr_line' id='line_1_6' title="bbox 4 1251 1212 1352; baseline 0 -29"><span class='ocrx_word' id='word_1_43' title='bbox 4 1294 5 1347; x_wconf 79' lang='lat' dir='ltr'>j</span> <span class='ocrx_word' id='word_1_44' title='bbox 120 1260 296 1344; x_wconf 83' lang='lat' dir='ltr'>sugillavit,</span> <span class='ocrx_word' id='word_1_45' title='bbox 327 1260 477 1325; x_wconf 89' lang='lat' dir='ltr'>inducens</span> <span class='ocrx_word' id='word_1_46' title='bbox 508 1261 626 1344; x_wconf 82' lang='lat' dir='ltr'>legatos</span> <span class='ocrx_word' id='word_1_47' title='bbox 649 1260 749 1345; x_wconf 79' lang='lat' dir='ltr'>¹Regis</span> <span class='ocrx_word' id='word_1_48' title='bbox 780 1262 812 1324; x_wconf 92' lang='lat' dir='ltr'>in</span> <span class='ocrx_word' id='word_1_49' title='bbox 844 1262 1018 1326; x_wconf 90' lang='lat' dir='ltr'>contionem</span> <span class='ocrx_word' id='word_1_50' title='bbox 1046 1251 1212 1352; x_wconf 78' lang='lat' dir='ltr'>admissos,</span> 
     </span>
    </p>
   </div>
   <div class='ocr_carea' id='block_1_3' title="bbox 117 1369 1214 2223">
    <p class='ocr_par' dir='ltr' id='par_1_3' title="bbox 117 1369 1214 2223">
     <span class='ocr_line' id='line_1_7' title="bbox 120 1369 1213 1455; baseline -0.002 -21"><span class='ocrx_word' id='word_1_51' title='bbox 120 1371 175 1455; x_wconf 90' lang='lat' dir='ltr'>qui</span> <span class='ocrx_word' id='word_1_52' title='bbox 206 1393 224 1433; x_wconf 93' lang='lat' dir='ltr'>a</span> <span class='ocrx_word' id='word_1_53' title='bbox 249 1371 338 1434; x_wconf 92' lang='lat' dir='ltr'>nullo</span> <span class='ocrx_word' id='word_1_54' title='bbox 361 1370 588 1454; x_wconf 88' lang='lat' dir='ltr'>intelleguntur</span> <span class='ocrx_word' id='word_1_55' title='bbox 610 1369 663 1434; x_wconf 89' lang='lat' dir='ltr'>sed</span> <span class='ocrx_word' id='word_1_56' title='bbox 686 1377 790 1434; x_wconf 85' lang='lat' dir='ltr'>tamen</span> <span class='ocrx_word' id='word_1_57' title='bbox 812 1369 904 1435; x_wconf 90' lang='lat' dir='ltr'>fidem</span> <span class='ocrx_word' id='word_1_58' title='bbox 926 1371 1104 1447; x_wconf 87' lang='lat' dir='ltr'>inveniunt,</span> <span class='ocrx_word' id='word_1_59' title='bbox 1129 1369 1213 1453; x_wconf 92' lang='lat' dir='ltr'>quod</span> 
     </span>
     <span class='ocr_line' id='line_1_8' title="bbox 119 1479 1213 1566; baseline -0.002 -23"><span class='ocrx_word' id='word_1_60' title='bbox 119 1503 263 1565; x_wconf 82' lang='lat' dir='ltr'>magnam</span> <span class='ocrx_word' id='word_1_61' title='bbox 295 1480 456 1566; x_wconf 89' lang='lat' dir='ltr'>pecuniam</span> <span class='ocrx_word' id='word_1_62' title='bbox 488 1503 506 1542; x_wconf 89' lang='lat' dir='ltr'>a</span> <span class='ocrx_word' id='word_1_63' title='bbox 536 1479 619 1563; x_wconf 83' lang='lat' dir='ltr'>Rege</span> <span class='ocrx_word' id='word_1_64' title='bbox 650 1479 756 1543; x_wconf 84' lang='lat' dir='ltr'>offerre</span> <span class='ocrx_word' id='word_1_65' title='bbox 788 1479 934 1544; x_wconf 88' lang='lat' dir='ltr'>dicuntur</span> <span class='ocrx_word' id='word_1_66' title='bbox 962 1482 1036 1562; x_wconf 81' lang='lat'>(98,</span> <span class='ocrx_word' id='word_1_67' title='bbox 1061 1481 1158 1563; x_wconf 87' lang='lat' dir='ltr'>sqq.),</span> <span class='ocrx_word' id='word_1_68' title='bbox 1182 1486 1213 1542; x_wconf 93' lang='lat' dir='ltr'>et</span> 
     </span>
     <span class='ocr_line' id='line_1_9' title="bbox 118 1589 1213 1674; baseline 0 -22"><span class='ocrx_word' id='word_1_69' title='bbox 118 1590 151 1653; x_wconf 93' lang='lat' dir='ltr'>in</span> <span class='ocrx_word' id='word_1_70' title='bbox 185 1589 291 1653; x_wconf 90' lang='lat' dir='ltr'>eadem</span> <span class='ocrx_word' id='word_1_71' title='bbox 321 1590 427 1653; x_wconf 86' lang='lat' dir='ltr'>fabula</span> <span class='ocrx_word' id='word_1_72' title='bbox 455 1590 543 1674; x_wconf 83' lang='grc'>(635)</span> <span class='ocrx_word' id='word_1_73' title='bbox 567 1589 719 1674; x_wconf 81' lang='lat' dir='ltr'>gloriatur</span> <span class='ocrx_word' id='word_1_74' title='bbox 742 1596 850 1674; x_wconf 88' lang='lat' dir='ltr'>poeta,</span> <span class='ocrx_word' id='word_1_75' title='bbox 875 1590 958 1673; x_wconf 90' lang='lat' dir='ltr'>quod</span> <span class='ocrx_word' id='word_1_76' title='bbox 979 1591 1013 1652; x_wconf 89' lang='lat' dir='ltr'>in</span> <span class='ocrx_word' id='word_1_77' title='bbox 1035 1592 1213 1671; x_wconf 69' lang='lat' dir='ltr'>Babyloniis</span> 
     </span>
     <span class='ocr_line' id='line_1_10' title="bbox 118 1697 1213 1777; baseline 0 -16"><span class='ocrx_word' id='word_1_78' title='bbox 118 1698 325 1763; x_wconf 81' lang='lat' dir='ltr'>Athenienses</span> <span class='ocrx_word' id='word_1_79' title='bbox 348 1699 459 1764; x_wconf 72' lang='grc' dir='ltr'><em>ἔπαυσε</em></span> <span class='ocrx_word' id='word_1_80' title='bbox 482 1698 613 1774; x_wconf 77' lang='grc' dir='ltr'><em>ξενικοῖσι</em></span> <span class='ocrx_word' id='word_1_81' title='bbox 636 1698 735 1776; x_wconf 71' lang='grc' dir='ltr'>λόγοις</span> <span class='ocrx_word' id='word_1_82' title='bbox 759 1699 801 1777; x_wconf 70' lang='grc' dir='ltr'>μὴ</span> <span class='ocrx_word' id='word_1_83' title='bbox 824 1698 891 1763; x_wconf 77' lang='grc' dir='ltr'>λίαν</span> <span class='ocrx_word' id='word_1_84' title='bbox 912 1698 1130 1775; x_wconf 65' lang='grc' dir='ltr'>ἐξαπατᾶσθαι.</span> <span class='ocrx_word' id='word_1_85' title='bbox 1154 1697 1213 1761; x_wconf 87' lang='lat' dir='ltr'>Ve-</span> 
     </span>
     <span class='ocr_line' id='line_1_11' title="bbox 117 1806 1213 1893; baseline -0.003 -20"><span class='ocrx_word' id='word_1_86' title='bbox 117 1832 189 1873; x_wconf 90' lang='lat' dir='ltr'>rum</span> <span class='ocrx_word' id='word_1_87' title='bbox 212 1809 304 1872; x_wconf 90' lang='lat' dir='ltr'>nimis</span> <span class='ocrx_word' id='word_1_88' title='bbox 328 1809 381 1871; x_wconf 92' lang='lat' dir='ltr'>ille</span> <span class='ocrx_word' id='word_1_89' title='bbox 404 1808 463 1872; x_wconf 93' lang='lat' dir='ltr'>hoc</span> <span class='ocrx_word' id='word_1_90' title='bbox 486 1807 600 1891; x_wconf 85' lang='lat' dir='ltr'>gaudio</span> <span class='ocrx_word' id='word_1_91' title='bbox 625 1806 807 1871; x_wconf 84' lang='lat' dir='ltr'>exsultabat.</span> <span class='ocrx_word' id='word_1_92' title='bbox 853 1807 939 1871; x_wconf 89' lang='lat' dir='ltr'>Nota</span> <span class='ocrx_word' id='word_1_93' title='bbox 962 1815 1034 1872; x_wconf 85' lang='lat' dir='ltr'>sunt</span> <span class='ocrx_word' id='word_1_94' title='bbox 1053 1830 1131 1893; x_wconf 91' lang='lat' dir='ltr'>quae</span> <span class='ocrx_word' id='word_1_95' title='bbox 1144 1815 1213 1891; x_wconf 89' lang='lat' dir='ltr'>post</span> 
     </span>
     <span class='ocr_line' id='line_1_12' title="bbox 117 1915 1213 2002; baseline -0.004 -20"><span class='ocrx_word' id='word_1_96' title='bbox 117 1919 152 1981; x_wconf 91' lang='lat' dir='ltr'>in</span> <span class='ocrx_word' id='word_1_97' title='bbox 184 1916 478 2002; x_wconf 87' lang='lat' dir='ltr'>Hermacopidarum</span> <span class='ocrx_word' id='word_1_98' title='bbox 507 1915 622 1980; x_wconf 92' lang='lat' dir='ltr'>iudicio</span> <span class='ocrx_word' id='word_1_99' title='bbox 655 1917 736 1980; x_wconf 85' lang='lat' dir='ltr'>facta</span> <span class='ocrx_word' id='word_1_100' title='bbox 764 1923 837 1981; x_wconf 91' lang='lat' dir='ltr'>sunt</span> <span class='ocrx_word' id='word_1_101' title='bbox 844 1943 853 1994; x_wconf 84' lang='lat'>3</span> <span class='ocrx_word' id='word_1_102' title='bbox 878 1923 1007 1981; x_wconf 88' lang='lat' dir='ltr'>testatus</span> <span class='ocrx_word' id='word_1_103' title='bbox 1031 1924 1078 1980; x_wconf 88' lang='lat' dir='ltr'>est</span> <span class='ocrx_word' id='word_1_104' title='bbox 1101 1916 1213 2000; x_wconf 90' lang='lat' dir='ltr'>aliquis</span> 
     </span>
     <span class='ocr_line' id='line_1_13' title="bbox 118 2026 1213 2111; baseline -0.004 -19"><span class='ocrx_word' id='word_1_105' title='bbox 118 2052 152 2092; x_wconf 89' lang='lat' dir='ltr'>se</span> <span class='ocrx_word' id='word_1_106' title='bbox 176 2029 215 2093; x_wconf 86' lang='lat' dir='ltr'>ad</span> <span class='ocrx_word' id='word_1_107' title='bbox 238 2029 339 2092; x_wconf 90' lang='lat' dir='ltr'>lucem</span> <span class='ocrx_word' id='word_1_108' title='bbox 362 2027 454 2090; x_wconf 88' lang='lat' dir='ltr'>lunae</span> <span class='ocrx_word' id='word_1_109' title='bbox 477 2026 584 2089; x_wconf 84' lang='lat' dir='ltr'>noxios</span> <span class='ocrx_word' id='word_1_110' title='bbox 609 2026 757 2109; x_wconf 90' lang='lat' dir='ltr'>quosdam</span> <span class='ocrx_word' id='word_1_111' title='bbox 781 2026 975 2111; x_wconf 82' lang='lat' dir='ltr'>cognovisse,</span> <span class='ocrx_word' id='word_1_112' title='bbox 999 2048 1095 2109; x_wconf 89' lang='lat' dir='ltr'>quum</span> <span class='ocrx_word' id='word_1_113' title='bbox 1119 2026 1213 2109; x_wconf 91' lang='lat' dir='ltr'>paulo</span> 
     </span>
     <span class='ocr_line' id='line_1_14' title="bbox 118 2136 1214 2223; baseline -0.004 -21"><span class='ocrx_word' id='word_1_114' title='bbox 118 2145 190 2222; x_wconf 86' lang='lat' dir='ltr'>post</span> <span class='ocrx_word' id='word_1_115' title='bbox 214 2145 374 2223; x_wconf 80' lang='lat' dir='ltr'>appareret</span> <span class='ocrx_word' id='word_1_116' title='bbox 397 2137 451 2200; x_wconf 93' lang='lat' dir='ltr'>illa</span> <span class='ocrx_word' id='word_1_117' title='bbox 472 2144 563 2200; x_wconf 89' lang='lat' dir='ltr'>nocte</span> <span class='ocrx_word' id='word_1_118' title='bbox 586 2157 695 2199; x_wconf 92' lang='lat' dir='ltr'>novam</span> <span class='ocrx_word' id='word_1_119' title='bbox 720 2137 813 2201; x_wconf 83' lang='lat' dir='ltr'>luisse</span> <span class='ocrx_word' id='word_1_120' title='bbox 837 2137 941 2201; x_wconf 88' lang='lat' dir='ltr'>lunam</span> <span class='ocrx_word' id='word_1_121' title='bbox 958 2137 1053 2220; x_wconf 92' lang='lat' dir='ltr'>(Plut.</span> <span class='ocrx_word' id='word_1_122' title='bbox 1071 2136 1139 2200; x_wconf 88' lang='lat' dir='ltr'>Alc.</span> <span class='ocrx_word' id='word_1_123' title='bbox 1153 2139 1214 2214; x_wconf 72' lang='lat'>203</span> 
     </span>
    </p>
   </div>
   <div class='ocr_carea' id='block_1_4' title="bbox 118 2244 1323 2331">
    <p class='ocr_par' dir='ltr' id='par_1_4' title="bbox 118 2244 1323 2331">
     <span class='ocr_line' id='line_1_15' title="bbox 118 2244 1323 2331; baseline -0.006 -17"><span class='ocrx_word' id='word_1_124' title='bbox 118 2251 158 2314; x_wconf 88' lang='lat' dir='ltr'>cf.</span> <span class='ocrx_word' id='word_1_125' title='bbox 183 2256 286 2313; x_wconf 85' lang='lat' dir='ltr'>tamen</span> <span class='ocrx_word' id='word_1_126' title='bbox 311 2247 407 2310; x_wconf 85' lang='lat' dir='ltr'>Grote</span> <span class='ocrx_word' id='word_1_127' title='bbox 431 2244 505 2308; x_wconf 78' lang='lat' dir='ltr'>VH.</span> <span class='ocrx_word' id='word_1_128' title='bbox 533 2247 617 2328; x_wconf 79' lang='lat'><strong>199).</strong></span> <span class='ocrx_word' id='word_1_129' title='bbox 663 2244 703 2308; x_wconf 89' lang='lat' dir='ltr'>In</span> <span class='ocrx_word' id='word_1_130' title='bbox 730 2245 845 2309; x_wconf 89' lang='lat' dir='ltr'>iudicio</span> <span class='ocrx_word' id='word_1_131' title='bbox 869 2246 999 2324; x_wconf 91' lang='lat' dir='ltr'>ducum,</span> <span class='ocrx_word' id='word_1_132' title='bbox 1025 2248 1080 2331; x_wconf 88' lang='lat' dir='ltr'>qui</span> <span class='ocrx_word' id='word_1_133' title='bbox 1103 2247 1142 2310; x_wconf 86' lang='lat' dir='ltr'>ad</span> <span class='ocrx_word' id='word_1_134' title='bbox 1158 2248 1214 2310; x_wconf 85' lang='lat' dir='ltr'>Ar·</span> <span class='ocrx_word' id='word_1_135' title='bbox 1319 2274 1323 2280; x_wconf 84' lang='lat'><strong>·</strong></span> 
     </span>
    </p>
   </div>
   <div class='ocr_carea' id='block_1_5' title="bbox 118 2354 1213 2547">
    <p class='ocr_par' dir='ltr' id='par_1_5' title="bbox 118 2354 1213 2547">
     <span class='ocr_line' id='line_1_16' title="bbox 118 2354 1213 2443; baseline -0.003 -20"><span class='ocrx_word' id='word_1_136' title='bbox 118 2360 245 2443; x_wconf 87' lang='lat' dir='ltr'>ginusas</span> <span class='ocrx_word' id='word_1_137' title='bbox 277 2359 429 2433; x_wconf 87' lang='lat' dir='ltr'>vicerant,</span> <span class='ocrx_word' id='word_1_138' title='bbox 460 2354 575 2439; x_wconf 90' lang='lat' dir='ltr'>prodiit</span> <span class='ocrx_word' id='word_1_139' title='bbox 603 2356 657 2439; x_wconf 89' lang='lat' dir='ltr'>qui</span> <span class='ocrx_word' id='word_1_140' title='bbox 681 2377 713 2418; x_wconf 90' lang='lat' dir='ltr'>se</span> <span class='ocrx_word' id='word_1_141' title='bbox 736 2356 768 2419; x_wconf 93' lang='lat' dir='ltr'>in</span> <span class='ocrx_word' id='word_1_142' title='bbox 791 2357 878 2420; x_wconf 86' lang='lat' dir='ltr'>farris</span> <span class='ocrx_word' id='word_1_143' title='bbox 902 2357 985 2420; x_wconf 90' lang='lat' dir='ltr'>dolio</span> <span class='ocrx_word' id='word_1_144' title='bbox 1009 2362 1145 2420; x_wconf 83' lang='lat' dir='ltr'>enatasse</span> <span class='ocrx_word' id='word_1_145' title='bbox 1169 2357 1213 2421; x_wconf 93' lang='lat' dir='ltr'>di·</span> 
     </span>
     <span class='ocr_line' id='line_1_17' title="bbox 118 2463 1212 2547; baseline -0.002 -15"><span class='ocrx_word' id='word_1_146' title='bbox 118 2476 216 2545; x_wconf 89' lang='lat' dir='ltr'>ceret,</span> <span class='ocrx_word' id='word_1_147' title='bbox 241 2466 422 2530; x_wconf 85' lang='lat' dir='ltr'>fortissimos</span> <span class='ocrx_word' id='word_1_148' title='bbox 446 2470 551 2527; x_wconf 89' lang='lat' dir='ltr'>autem</span> <span class='ocrx_word' id='word_1_149' title='bbox 574 2463 703 2540; x_wconf 88' lang='lat' dir='ltr'>milites,</span> <span class='ocrx_word' id='word_1_150' title='bbox 729 2465 782 2547; x_wconf 90' lang='lat' dir='ltr'>qui</span> <span class='ocrx_word' id='word_1_151' title='bbox 805 2466 896 2529; x_wconf 88' lang='lat' dir='ltr'>mersi</span> <span class='ocrx_word' id='word_1_152' title='bbox 920 2473 1037 2543; x_wconf 85' lang='lat' dir='ltr'>essent,</span> <span class='ocrx_word' id='word_1_153' title='bbox 1054 2465 1113 2529; x_wconf 91' lang='lat' dir='ltr'>sibi</span> <span class='ocrx_word' id='word_1_154' title='bbox 1129 2489 1212 2530; x_wconf 89' lang='lat' dir='ltr'>man-</span> 
     </span>
    </p>
   </div>
   <div class='ocr_carea' id='block_1_6' title="bbox 8 2574 1268 2881">
    <p class='ocr_par' dir='ltr' id='par_1_6' title="bbox 8 2574 1268 2881">
     <span class='ocr_line' id='line_1_18' title="bbox 118 2574 1212 2659; baseline -0.002 -18.181"><span class='ocrx_word' id='word_1_155' title='bbox 118 2578 207 2641; x_wconf 89' lang='lat' dir='ltr'>dasse</span> <span class='ocrx_word' id='word_1_156' title='bbox 234 2577 384 2641; x_wconf 90' lang='lat' dir='ltr'>ultionem</span> <span class='ocrx_word' id='word_1_157' title='bbox 407 2574 500 2659; x_wconf 82' lang='lat' dir='ltr'>(Xon.</span> <span class='ocrx_word' id='word_1_158' title='bbox 525 2574 608 2638; x_wconf 91' lang='lat' dir='ltr'>Hell.</span> <span class='ocrx_word' id='word_1_159' title='bbox 632 2574 659 2637; x_wconf 93' lang='grc' dir='ltr'>Ι.</span> <span class='ocrx_word' id='word_1_160' title='bbox 686 2577 714 2639; x_wconf 88' lang='grc'>7.</span> <span class='ocrx_word' id='word_1_161' title='bbox 741 2577 804 2659; x_wconf 90' lang='lat' dir='ltr'>ll).</span> <span class='ocrx_word' id='word_1_162' title='bbox 839 2576 951 2639; x_wconf 84' lang='lat' dir='ltr'>Pulcra</span> <span class='ocrx_word' id='word_1_163' title='bbox 972 2576 1119 2640; x_wconf 89' lang='lat' dir='ltr'>nimirum</span> <span class='ocrx_word' id='word_1_164' title='bbox 1142 2598 1212 2639; x_wconf 90' lang='lat' dir='ltr'>con·</span> 
     </span>
     <span class='ocr_line' id='line_1_19' title="bbox 8 2683 1210 2771; baseline -0.002 -20"><span class='ocrx_word' id='word_1_165' title='bbox 8 2754 9 2757; x_wconf 61' lang='grc'>,</span> <span class='ocrx_word' id='word_1_166' title='bbox 118 2687 281 2751; x_wconf 89' lang='lat' dir='ltr'>fabulandi</span> <span class='ocrx_word' id='word_1_167' title='bbox 303 2685 527 2771; x_wconf 87' lang='lat' dir='ltr'>opportunitas,</span> <span class='ocrx_word' id='word_1_168' title='bbox 549 2707 565 2747; x_wconf 93' lang='lat' dir='ltr'>e</span> <span class='ocrx_word' id='word_1_169' title='bbox 584 2683 667 2747; x_wconf 94' lang='lat' dir='ltr'>dolio</span> <span class='ocrx_word' id='word_1_170' title='bbox 686 2683 787 2747; x_wconf 90' lang='lat' dir='ltr'>medio</span> <span class='ocrx_word' id='word_1_171' title='bbox 807 2685 900 2748; x_wconf 89' lang='lat' dir='ltr'>maril</span> <span class='ocrx_word' id='word_1_172' title='bbox 930 2685 1017 2749; x_wconf 80' lang='lat' dir='ltr'>Talia</span> <span class='ocrx_word' id='word_1_173' title='bbox 1031 2686 1210 2765; x_wconf 90' lang='lat' dir='ltr'>audientes,</span> 
     </span>
     <span class='ocr_line' id='line_1_20' title="bbox 118 2794 1268 2881; baseline -0.001 -21.087"><span class='ocrx_word' id='word_1_174' title='bbox 118 2797 195 2880; x_wconf 90' lang='lat' dir='ltr'>quid</span> <span class='ocrx_word' id='word_1_175' title='bbox 212 2796 359 2860; x_wconf 85' lang='lat' dir='ltr'>miramur</span> <span class='ocrx_word' id='word_1_176' title='bbox 374 2794 536 2858; x_wconf 85' lang='lat' dir='ltr'>fallacibus</span> <span class='ocrx_word' id='word_1_177' title='bbox 556 2797 743 2879; x_wconf 84' lang='lat' dir='ltr'>argumentis</span> <span class='ocrx_word' id='word_1_178' title='bbox 761 2802 791 2858; x_wconf 89' lang='lat' dir='ltr'>et</span> <span class='ocrx_word' id='word_1_179' title='bbox 807 2795 914 2859; x_wconf 83' lang='lat' dir='ltr'>fraude</span> <span class='ocrx_word' id='word_1_180' title='bbox 930 2797 1067 2860; x_wconf 90' lang='lat' dir='ltr'>contioni</span> <span class='ocrx_word' id='word_1_181' title='bbox 1079 2803 1213 2860; x_wconf 88' lang='lat' dir='ltr'>oratores</span> <span class='ocrx_word' id='word_1_182' title='bbox 1266 2876 1268 2881; x_wconf 21' lang='grc' dir='ltr'>Ι</span> 
     </span>
    </p>
   </div>
   <div class='ocr_carea' id='block_1_7' title="bbox 7 2878 1212 3102">
    <p class='ocr_par' dir='ltr' id='par_1_7' title="bbox 7 2878 1212 3102">
     <span class='ocr_line' id='line_1_21' title="bbox 7 2878 462 2992; baseline -0.011 -21"><span class='ocrx_word' id='word_1_183' title='bbox 7 2878 8 2937; x_wconf 39' lang='lat' dir='ltr'>i</span> <span class='ocrx_word' id='word_1_184' title='bbox 120 2908 277 2992; x_wconf 88' lang='lat' dir='ltr'>imponere</span> <span class='ocrx_word' id='word_1_185' title='bbox 300 2902 462 2989; x_wconf 73' lang='lat' dir='ltr'>potuisse?</span> 
     </span>
     <span class='ocr_line' id='line_1_22' title="bbox 163 3012 1212 3102; baseline 0 -22"><span class='ocrx_word' id='word_1_186' title='bbox 163 3016 271 3095; x_wconf 79' lang='lat' dir='ltr'>Quum</span> <span class='ocrx_word' id='word_1_187' title='bbox 296 3015 393 3098; x_wconf 85' lang='lat' dir='ltr'>igitur</span> <span class='ocrx_word' id='word_1_188' title='bbox 416 3037 453 3078; x_wconf 85' lang='lat' dir='ltr'>ex</span> <span class='ocrx_word' id='word_1_189' title='bbox 476 3012 584 3076; x_wconf 90' lang='lat' dir='ltr'>multis</span> <span class='ocrx_word' id='word_1_190' title='bbox 609 3018 753 3096; x_wconf 87' lang='lat' dir='ltr'>appareat</span> <span class='ocrx_word' id='word_1_191' title='bbox 776 3013 889 3076; x_wconf 86' lang='lat' dir='ltr'>mirum</span> <span class='ocrx_word' id='word_1_192' title='bbox 912 3022 1062 3096; x_wconf 88' lang='lat' dir='ltr'>quantum</span> <span class='ocrx_word' id='word_1_193' title='bbox 1086 3039 1212 3102; x_wconf 83' lang='lat' dir='ltr'>exagge-</span> 
     </span>
    </p>
   </div>
   <div class='ocr_carea' id='block_1_8' title="bbox 6 3123 1215 3540">
    <p class='ocr_par' dir='ltr' id='par_1_8' title="bbox 6 3123 1215 3540">
     <span class='ocr_line' id='line_1_23' title="bbox 6 3123 1214 3211; baseline 0.002 -22"><span class='ocrx_word' id='word_1_194' title='bbox 6 3148 8 3155; x_wconf 59' lang='lat'><strong><em>⁴</em></strong></span> <span class='ocrx_word' id='word_1_195' title='bbox 117 3148 201 3189; x_wconf 88' lang='lat' dir='ltr'>rasse</span> <span class='ocrx_word' id='word_1_196' title='bbox 231 3125 312 3189; x_wconf 84' lang='lat' dir='ltr'>lacta</span> <span class='ocrx_word' id='word_1_197' title='bbox 339 3132 507 3200; x_wconf 86' lang='lat' dir='ltr'>oratorem,</span> <span class='ocrx_word' id='word_1_198' title='bbox 533 3146 573 3186; x_wconf 88' lang='lat' dir='ltr'>ne</span> <span class='ocrx_word' id='word_1_199' title='bbox 599 3123 699 3187; x_wconf 91' lang='lat' dir='ltr'>dicam</span> <span class='ocrx_word' id='word_1_200' title='bbox 722 3125 887 3188; x_wconf 89' lang='lat' dir='ltr'>mentitum</span> <span class='ocrx_word' id='word_1_201' title='bbox 910 3147 992 3202; x_wconf 91' lang='lat' dir='ltr'>esse,</span> <span class='ocrx_word' id='word_1_202' title='bbox 1016 3149 1078 3190; x_wconf 93' lang='lat' dir='ltr'>non</span> <span class='ocrx_word' id='word_1_203' title='bbox 1105 3130 1214 3211; x_wconf 87' lang='lat' dir='ltr'>quovis</span> 
     </span>
     <span class='ocr_line' id='line_1_24' title="bbox 118 3234 1214 3320; baseline 0.004 -21.536"><span class='ocrx_word' id='word_1_204' title='bbox 118 3236 218 3320; x_wconf 88' lang='lat' dir='ltr'>pretio</span> <span class='ocrx_word' id='word_1_205' title='bbox 251 3234 435 3299; x_wconf 86' lang='lat' dir='ltr'>contendere</span> <span class='ocrx_word' id='word_1_206' title='bbox 467 3234 565 3296; x_wconf 89' lang='lat' dir='ltr'>ausim</span> <span class='ocrx_word' id='word_1_207' title='bbox 596 3256 662 3297; x_wconf 91' lang='lat' dir='ltr'>non</span> <span class='ocrx_word' id='word_1_208' title='bbox 692 3256 755 3297; x_wconf 89' lang='lat' dir='ltr'>una</span> <span class='ocrx_word' id='word_1_209' title='bbox 784 3256 854 3297; x_wconf 92' lang='lat' dir='ltr'>cum</span> <span class='ocrx_word' id='word_1_210' title='bbox 878 3234 1003 3318; x_wconf 88' lang='lat' dir='ltr'>reliquis</span> <span class='ocrx_word' id='word_1_211' title='bbox 1026 3239 1214 3303; x_wconf 90' lang='lat' dir='ltr'>nomothetis</span> 
     </span>
     <span class='ocr_line' id='line_1_25' title="bbox 7 3343 1215 3430; baseline 0.002 -21"><span class='ocrx_word' id='word_1_212' title='bbox 7 3376 8 3419; x_wconf 49' lang='lat' dir='ltr'>i</span> <span class='ocrx_word' id='word_1_213' title='bbox 119 3347 152 3410; x_wconf 93' lang='lat' dir='ltr'>in</span> <span class='ocrx_word' id='word_1_214' title='bbox 178 3354 316 3430; x_wconf 89' lang='lat' dir='ltr'>tempore</span> <span class='ocrx_word' id='word_1_215' title='bbox 340 3366 454 3408; x_wconf 88' lang='lat' dir='ltr'>munus</span> <span class='ocrx_word' id='word_1_216' title='bbox 477 3343 660 3427; x_wconf 90' lang='lat' dir='ltr'>impositum</span> <span class='ocrx_word' id='word_1_217' title='bbox 684 3344 843 3428; x_wconf 83' lang='lat' dir='ltr'>perfecisse</span> <span class='ocrx_word' id='word_1_218' title='bbox 866 3343 1099 3410; x_wconf 88' lang='lat' dir='ltr'>Nicomachum.</span> <span class='ocrx_word' id='word_1_219' title='bbox 1135 3347 1215 3412; x_wconf 85' lang='lat' dir='ltr'>Reli-</span> 
     </span>
     <span class='ocr_line' id='line_1_26' title="bbox 7 3453 1213 3540; baseline 0.001 -21"><span class='ocrx_word' id='word_1_220' title='bbox 7 3466 8 3519; x_wconf 64' lang='lat'>}</span> <span class='ocrx_word' id='word_1_221' title='bbox 119 3477 198 3538; x_wconf 91' lang='lat' dir='ltr'>quos</span> <span class='ocrx_word' id='word_1_222' title='bbox 230 3455 256 3517; x_wconf 87' lang='lat' dir='ltr'>si</span> <span class='ocrx_word' id='word_1_223' title='bbox 288 3460 408 3518; x_wconf 90' lang='lat' dir='ltr'>constat</span> <span class='ocrx_word' id='word_1_224' title='bbox 434 3453 541 3517; x_wconf 85' lang='lat' dir='ltr'>fecisse</span> <span class='ocrx_word' id='word_1_225' title='bbox 575 3453 627 3536; x_wconf 85' lang='lat' dir='ltr'>(cf.</span> <span class='ocrx_word' id='word_1_226' title='bbox 653 3454 771 3518; x_wconf 85' lang='lat' dir='ltr'>Andoc.</span> <span class='ocrx_word' id='word_1_227' title='bbox 796 3455 817 3518; x_wconf 93' lang='lat' dir='ltr'>l.</span> <span class='ocrx_word' id='word_1_228' title='bbox 842 3454 894 3538; x_wconf 85' lang='grc'>1.),</span> <span class='ocrx_word' id='word_1_229' title='bbox 918 3477 980 3518; x_wconf 90' lang='lat' dir='ltr'>non</span> <span class='ocrx_word' id='word_1_230' title='bbox 1004 3455 1213 3540; x_wconf 87' lang='lat' dir='ltr'>intellegitur,</span> 
     </span>
    </p>
   </div>
   <div class='ocr_carea' id='block_1_9' title="bbox 120 3563 1216 3757">
    <p class='ocr_par' dir='ltr' id='par_1_9' title="bbox 120 3563 1216 3757">
     <span class='ocr_line' id='line_1_27' title="bbox 120 3563 1215 3645; baseline 0.005 -19"><span class='ocrx_word' id='word_1_231' title='bbox 120 3586 211 3645; x_wconf 86' lang='lat' dir='ltr'>quare</span> <span class='ocrx_word' id='word_1_232' title='bbox 231 3563 289 3627; x_wconf 81' lang='lat' dir='ltr'>&#39;nle</span> <span class='ocrx_word' id='word_1_233' title='bbox 312 3563 396 3626; x_wconf 88' lang='lat' dir='ltr'>solus</span> <span class='ocrx_word' id='word_1_234' title='bbox 421 3584 457 3626; x_wconf 87' lang='lat' dir='ltr'>ex</span> <span class='ocrx_word' id='word_1_235' title='bbox 482 3583 516 3625; x_wconf 91' lang='lat' dir='ltr'>eo</span> <span class='ocrx_word' id='word_1_236' title='bbox 540 3583 668 3625; x_wconf 88' lang='lat' dir='ltr'>numero</span> <span class='ocrx_word' id='word_1_237' title='bbox 693 3569 829 3627; x_wconf 81' lang='lat' dir='ltr'>exemtus</span> <span class='ocrx_word' id='word_1_238' title='bbox 854 3563 962 3627; x_wconf 84' lang='lat' dir='ltr'>luisset</span> <span class='ocrx_word' id='word_1_239' title='bbox 969 3589 979 3641; x_wconf 82' lang='lat'>3</span> <span class='ocrx_word' id='word_1_240' title='bbox 1003 3566 1061 3628; x_wconf 91' lang='lat' dir='ltr'>toti</span> <span class='ocrx_word' id='word_1_241' title='bbox 1084 3573 1215 3631; x_wconf 88' lang='lat' dir='ltr'>extraor-</span> 
     </span>
     <span class='ocr_line' id='line_1_28' title="bbox 120 3670 1216 3757; baseline 0.006 -22"><span class='ocrx_word' id='word_1_242' title='bbox 120 3672 241 3737; x_wconf 88' lang='lat' dir='ltr'>dinario</span> <span class='ocrx_word' id='word_1_243' title='bbox 264 3672 354 3756; x_wconf 91' lang='lat' dir='ltr'>quasi</span> <span class='ocrx_word' id='word_1_244' title='bbox 377 3670 506 3753; x_wconf 83' lang='lat' dir='ltr'>collegio</span> <span class='ocrx_word' id='word_1_245' title='bbox 531 3671 689 3755; x_wconf 87' lang='lat' dir='ltr'>provincia</span> <span class='ocrx_word' id='word_1_246' title='bbox 712 3671 856 3736; x_wconf 88' lang='lat' dir='ltr'>mandata</span> <span class='ocrx_word' id='word_1_247' title='bbox 880 3679 960 3752; x_wconf 90' lang='lat' dir='ltr'>erat,</span> <span class='ocrx_word' id='word_1_248' title='bbox 978 3695 1056 3757; x_wconf 91' lang='lat' dir='ltr'>quae</span> <span class='ocrx_word' id='word_1_249' title='bbox 1071 3698 1133 3740; x_wconf 91' lang='lat' dir='ltr'>non</span> <span class='ocrx_word' id='word_1_250' title='bbox 1151 3685 1216 3742; x_wconf 90' lang='lat' dir='ltr'>erat</span> 
     </span>
    </p>
   </div>
   <div class='ocr_carea' id='block_1_10' title="bbox 7 3780 1216 4090">
    <p class='ocr_par' dir='ltr' id='par_1_10' title="bbox 7 3780 1216 4090">
     <span class='ocr_line' id='line_1_29' title="bbox 7 3780 1216 3868; baseline 0.006 -25"><span class='ocrx_word' id='word_1_251' title='bbox 7 3830 8 3867; x_wconf 25' lang='grc' dir='ltr'>ἶ</span> <span class='ocrx_word' id='word_1_252' title='bbox 120 3782 272 3865; x_wconf 84' lang='lat' dir='ltr'>perfecta,</span> <span class='ocrx_word' id='word_1_253' title='bbox 306 3781 331 3844; x_wconf 90' lang='lat' dir='ltr'>si</span> <span class='ocrx_word' id='word_1_254' title='bbox 362 3802 444 3843; x_wconf 89' lang='lat' dir='ltr'>unus</span> <span class='ocrx_word' id='word_1_255' title='bbox 476 3780 604 3864; x_wconf 89' lang='lat' dir='ltr'>quidam</span> <span class='ocrx_word' id='word_1_256' title='bbox 626 3803 664 3845; x_wconf 88' lang='lat' dir='ltr'>ex</span> <span class='ocrx_word' id='word_1_257' title='bbox 687 3782 777 3845; x_wconf 86' lang='lat' dir='ltr'>sociis</span> <span class='ocrx_word' id='word_1_258' title='bbox 800 3782 920 3867; x_wconf 86' lang='lat' dir='ltr'>legibus</span> <span class='ocrx_word' id='word_1_259' title='bbox 944 3785 1160 3868; x_wconf 84' lang='lat' dir='ltr'>conquirendis</span> <span class='ocrx_word' id='word_1_260' title='bbox 1184 3793 1216 3850; x_wconf 91' lang='lat' dir='ltr'>et</span> 
     </span>
     <span class='ocr_line' id='line_1_30' title="bbox 120 3890 1215 3981; baseline 0.003 -23.626"><span class='ocrx_word' id='word_1_261' title='bbox 120 3890 325 3955; x_wconf 86' lang='lat' dir='ltr'>rescribendis</span> <span class='ocrx_word' id='word_1_262' title='bbox 349 3890 440 3954; x_wconf 86' lang='lat' dir='ltr'>etiam</span> <span class='ocrx_word' id='word_1_263' title='bbox 465 3896 533 3952; x_wconf 90' lang='lat' dir='ltr'>tum</span> <span class='ocrx_word' id='word_1_264' title='bbox 557 3898 769 3974; x_wconf 88' lang='lat' dir='ltr'>occuparetur.</span> <span class='ocrx_word' id='word_1_265' title='bbox 816 3892 932 3957; x_wconf 91' lang='lat' dir='ltr'>Munus</span> <span class='ocrx_word' id='word_1_266' title='bbox 957 3895 983 3957; x_wconf 90' lang='lat' dir='ltr'>si</span> <span class='ocrx_word' id='word_1_267' title='bbox 1006 3895 1087 3960; x_wconf 87' lang='lat' dir='ltr'>inter</span> <span class='ocrx_word' id='word_1_268' title='bbox 1103 3919 1134 3960; x_wconf 88' lang='lat' dir='ltr'>se</span> <span class='ocrx_word' id='word_1_269' title='bbox 1150 3920 1215 3981; x_wconf 85' lang='lat' dir='ltr'>par·</span> 
     </span>
     <span class='ocr_line' id='line_1_31' title="bbox 7 4000 1216 4090; baseline 0.005 -27"><span class='ocrx_word' id='word_1_270' title='bbox 7 4024 8 4027; x_wconf 44' lang='lat'>¹</span> <span class='ocrx_word' id='word_1_271' title='bbox 120 4001 171 4065; x_wconf 92' lang='lat' dir='ltr'>titi</span> <span class='ocrx_word' id='word_1_272' title='bbox 194 4008 270 4064; x_wconf 89' lang='lat' dir='ltr'>sunt</span> <span class='ocrx_word' id='word_1_273' title='bbox 291 4038 337 4049; x_wconf 91' lang='lat'>—</span> <span class='ocrx_word' id='word_1_274' title='bbox 360 4000 444 4084; x_wconf 93' lang='lat' dir='ltr'>quod</span> <span class='ocrx_word' id='word_1_275' title='bbox 468 4001 641 4084; x_wconf 83' lang='lat' dir='ltr'>suspicatur</span> <span class='ocrx_word' id='word_1_276' title='bbox 665 4001 871 4066; x_wconf 89' lang='lat' dir='ltr'>Hoelscherus</span> <span class='ocrx_word' id='word_1_277' title='bbox 895 4040 939 4053; x_wconf 89' lang='lat'>-</span> <span class='ocrx_word' id='word_1_278' title='bbox 961 4004 1041 4068; x_wconf 90' lang='lat' dir='ltr'>nihil</span> <span class='ocrx_word' id='word_1_279' title='bbox 1060 4005 1134 4068; x_wconf 87' lang='lat' dir='ltr'>haec</span> <span class='ocrx_word' id='word_1_280' title='bbox 1150 4029 1216 4090; x_wconf 88' lang='lat' dir='ltr'>par-</span> 
     </span>
    </p>
   </div>
   <div class='ocr_carea' id='block_1_11' title="bbox 121 4109 1216 4198">
    <p class='ocr_par' dir='ltr' id='par_1_11' title="bbox 121 4109 1216 4198">
     <span class='ocr_line' id='line_1_32' title="bbox 121 4109 1216 4198; baseline 0.006 -26"><span class='ocrx_word' id='word_1_281' title='bbox 121 4111 192 4173; x_wconf 90' lang='lat' dir='ltr'>titio</span> <span class='ocrx_word' id='word_1_282' title='bbox 216 4109 255 4173; x_wconf 90' lang='lat' dir='ltr'>ad</span> <span class='ocrx_word' id='word_1_283' title='bbox 279 4109 428 4194; x_wconf 92' lang='lat' dir='ltr'>populum</span> <span class='ocrx_word' id='word_1_284' title='bbox 452 4109 634 4192; x_wconf 89' lang='lat' dir='ltr'>pertinebat.</span> <span class='ocrx_word' id='word_1_285' title='bbox 680 4110 793 4195; x_wconf 90' lang='lat' dir='ltr'>Itaque</span> <span class='ocrx_word' id='word_1_286' title='bbox 816 4110 951 4175; x_wconf 88' lang='lat' dir='ltr'>dubitari</span> <span class='ocrx_word' id='word_1_287' title='bbox 975 4114 1063 4192; x_wconf 90' lang='lat' dir='ltr'>licet,</span> <span class='ocrx_word' id='word_1_288' title='bbox 1090 4137 1128 4179; x_wconf 90' lang='lat' dir='ltr'>an</span> <span class='ocrx_word' id='word_1_289' title='bbox 1145 4123 1216 4198; x_wconf 90' lang='lat' dir='ltr'>post</span> 
     </span>
    </p>
   </div>
   <div class='ocr_carea' id='block_1_12' title="bbox 6 4219 1217 4307">
    <p class='ocr_par' dir='ltr' id='par_1_12' title="bbox 6 4219 1217 4307">
     <span class='ocr_line' id='line_1_33' title="bbox 6 4219 1217 4307; baseline 0.005 -26"><span class='ocrx_word' id='word_1_290' title='bbox 6 4250 7 4253; x_wconf 38' lang='lat'>¹</span> <span class='ocrx_word' id='word_1_291' title='bbox 123 4219 369 4282; x_wconf 87' lang='lat' dir='ltr'>nomothetarum</span> <span class='ocrx_word' id='word_1_292' title='bbox 403 4240 515 4281; x_wconf 89' lang='lat' dir='ltr'>munus</span> <span class='ocrx_word' id='word_1_293' title='bbox 546 4219 713 4302; x_wconf 87' lang='lat' dir='ltr'>perfectum</span> <span class='ocrx_word' id='word_1_294' title='bbox 744 4220 951 4286; x_wconf 87' lang='lat' dir='ltr'>Nicomachus</span> <span class='ocrx_word' id='word_1_295' title='bbox 982 4246 1013 4287; x_wconf 89' lang='lat' dir='ltr'>se</span> <span class='ocrx_word' id='word_1_296' title='bbox 1045 4246 1100 4307; x_wconf 90' lang='lat' dir='ltr'>pro</span> <span class='ocrx_word' id='word_1_297' title='bbox 1123 4224 1217 4307; x_wconf 83' lang='lat' dir='ltr'>magi·</span> 
     </span>
    </p>
   </div>
   <div class='ocr_carea' id='block_1_13' title="bbox 125 4328 1218 4613">
    <p class='ocr_par' dir='ltr' id='par_1_13' title="bbox 125 4328 1218 4613">
     <span class='ocr_line' id='line_1_34' title="bbox 125 4328 1214 4416; baseline 0.005 -26"><span class='ocrx_word' id='word_1_298' title='bbox 125 4334 223 4392; x_wconf 88' lang='lat' dir='ltr'>stratu</span> <span class='ocrx_word' id='word_1_299' title='bbox 255 4351 317 4392; x_wconf 88' lang='lat' dir='ltr'>non</span> <span class='ocrx_word' id='word_1_300' title='bbox 349 4328 477 4411; x_wconf 82' lang='lat' dir='ltr'>gesserit</span> <span class='ocrx_word' id='word_1_301' title='bbox 484 4354 493 4404; x_wconf 69' lang='grc' dir='ltr'><strong><em>ς</em></strong></span> <span class='ocrx_word' id='word_1_302' title='bbox 526 4349 658 4410; x_wconf 88' lang='lat' dir='ltr'>namque</span> <span class='ocrx_word' id='word_1_303' title='bbox 681 4329 781 4413; x_wconf 82' lang='lat' dir='ltr'>leges,</span> <span class='ocrx_word' id='word_1_304' title='bbox 806 4353 882 4415; x_wconf 90' lang='lat' dir='ltr'>quas</span> <span class='ocrx_word' id='word_1_305' title='bbox 906 4332 958 4395; x_wconf 91' lang='lat' dir='ltr'>ille</span> <span class='ocrx_word' id='word_1_306' title='bbox 982 4340 1087 4416; x_wconf 89' lang='lat' dir='ltr'>postea</span> <span class='ocrx_word' id='word_1_307' title='bbox 1111 4356 1127 4395; x_wconf 90' lang='lat' dir='ltr'>e</span> <span class='ocrx_word' id='word_1_308' title='bbox 1151 4333 1214 4396; x_wconf 89' lang='lat' dir='ltr'>situ</span> 
     </span>
     <span class='ocr_line' id='line_1_35' title="bbox 128 4436 1218 4525; baseline 0.003 -25"><span class='ocrx_word' id='word_1_309' title='bbox 128 4436 340 4520; x_wconf 84' lang='lat' dir='ltr'>protrahebat,</span> <span class='ocrx_word' id='word_1_310' title='bbox 371 4457 434 4498; x_wconf 92' lang='lat' dir='ltr'>non</span> <span class='ocrx_word' id='word_1_311' title='bbox 464 4436 588 4520; x_wconf 89' lang='lat' dir='ltr'>publica</span> <span class='ocrx_word' id='word_1_312' title='bbox 616 4438 797 4501; x_wconf 87' lang='lat' dir='ltr'>auctoritate</span> <span class='ocrx_word' id='word_1_313' title='bbox 821 4440 874 4502; x_wconf 90' lang='lat' dir='ltr'>sed</span> <span class='ocrx_word' id='word_1_314' title='bbox 899 4464 935 4503; x_wconf 86' lang='lat' dir='ltr'>ex</span> <span class='ocrx_word' id='word_1_315' title='bbox 958 4442 1104 4525; x_wconf 84' lang='lat' dir='ltr'>religione</span> <span class='ocrx_word' id='word_1_316' title='bbox 1128 4441 1218 4504; x_wconf 90' lang='lat' dir='ltr'>sacri·</span> 
     </span>
     <span class='ocr_line' id='line_1_36' title="bbox 1060 4556 1099 4613; baseline -0.077 0"><span class='ocrx_word' id='word_1_317' title='bbox 1060 4556 1099 4613; x_wconf 84' lang='lat'>14</span> 
     </span>
    </p>
   </div>
   <div class='ocr_carea' id='block_1_14' title="bbox 0 0 1502 5234">
    <p class='ocr_par' dir='ltr' id='par_1_14' title="bbox 0 0 1502 5234">
     <span class='ocr_line' id='line_1_37' title="bbox 0 0 1502 5234; baseline 0 0"><span class='ocrx_word' id='word_1_318' title='bbox 0 0 1502 5234; x_wconf 95' lang='lat' dir='ltr'> </span> 
     </span>
    </p>
   </div>
  </div>
 </body>
</html>
