2958 5238
827 465 888 527 110

313 658 478 726 redierunt.
525 660 700 728 Periculum
724 662 854 727 Athenis
877 662 1066 727 imminuisse
1091 662 1164 727 inde
1180 662 1290 742 efficio,
1306 664 1375 748 quod

313 770 503 857 Xenophon,
527 773 581 856 qui
604 772 678 838 haec
699 779 803 838 narrat
825 772 922 857 (Hell.
936 771 974 837 V.
994 773 1193 858 1.1‚sqq.)‚
1215 772 1322 838 diserte
1335 797 1377 839 11

310 885 479 964 scopentur
503 883 705 949 Athenienses
729 883 1012 949 aLacedaemoniis
1027 884 1128 949 refert.
1153 882 1277 965 Quanto
1295 884 1378 969 magis
1459 886 1465 959 2}

310 991 400 1058 licuit
421 994 550 1073 oratori,
575 1000 611 1059 ut
633 1017 741 1060 causac
763 995 904 1073 serviret,
928 1017 993 1059 rem
1015 1016 1204 1080 exaggerare.
1229 998 1232 1002 ⁴
1460 976 1465 987 ’

356 1103 447 1169 Iusta
474 1106 537 1170 acie
560 1112 731 1190 pugnatum
754 1128 819 1170 esse
843 1106 870 1192 (1
894 1107 925 1190 5)
947 1128 987 1170 ne
1009 1104 1183 1191 Xenophon
1207 1104 1325 1189 quidem
1344 1127 1380 1168 re

309 1214 368 1279 fert
390 1237 446 1279 nec
468 1238 522 1300 per
544 1237 576 1280 se
598 1215 755 1300 probabile
778 1222 833 1280 est.
868 1214 986 1281 Eodem
1009 1222 1144 1301 tempore
1168 1215 1206 1280 ab
1221 1214 1378 1300 Iphicrate,

309 1325 518 1412 Thrasybulo,
542 1326 697 1412 Agyrrhio
721 1327 760 1391 ad
782 1326 1021 1413 Hellespontum
1044 1335 1074 1391 et
1096 1326 1190 1392 Lesbi
1212 1325 1324 1392 bellum
1341 1347 1380 1409 ge

309 1436 434 1501 rebatur
441 1463 450 1515 ς
476 1436 555 1521 011
581 1439 630 1501 11.

354 1547 446 1611 Anno
469 1554 540 1632 post
562 1554 666 1612 secuta
689 1555 735 1613 est
757 1571 817 1634 pax
840 1547 1031 1613 Antalcidea.

355 1656 466 1721 Statim
488 1657 584 1742 igitur
606 1665 675 1743 post
697 1659 776 1723 hanc
799 1680 905 1743 pacem
926 1657 1035 1723 initam
1054 1679 1151 1744 quum
1167 1659 1298 1743 primum
1312 1657 1381 1722 iudi·

311 1769 395 1833 cium
418 1767 580 1834 haberetur
603 1768 641 1833 dc
664 1770 719 1848 iis,
736 1770 838 1855 quiin
854 1768 933 1834 bello
949 1770 1011 1833 iam
1026 1770 1113 1834 finito
1128 1770 1233 1854 ignavi
1247 1771 1378 1846 fuissent,

308 1879 388 1944 hanc
418 1880 587 1944 orationem
618 1879 730 1946 dictam
762 1882 911 1946 existimo.
950 1881 1021 1962 Qua
1043 1882 1274 1967 opportunitate
1296 1903 1381 1967 quum

307 1988 424 2054 iudices
454 1998 600 2074 tanquam
623 1991 811 2077 legislatores
835 1992 938 2058 sedere
962 1992 1053 2070 dicit,
1077 1994 1177 2057 utitur
1206 2000 1307 2058 orator
1325 2013 1381 2056 non

307 2102 373 2166 sine
402 2104 634 2186 exaggeratione
665 2102 719 2167 sed
749 2109 785 2167 ut
814 2102 968 2168 iudicibus
996 2103 1138 2167 simulate
1161 2109 1329 2168 assentetur
1347 2102 1381 2167 iis

306 2211 404 2276 verbis
427 2211 599 2292 tralaticiis,
625 2213 735 2299 quibus
758 2222 829 2299 post
851 2214 958 2300 populi
980 2213 1142 2300 imperium
1166 2237 1193 2278 1.
1218 2213 1382 2279 10311111-

306 2328 411 2388 tutum
433 2329 566 2387 oratores
589 2324 636 2388 uti
659 2324 807 2389 solebant.

350 2432 434 2498 Huic
464 2432 668 2519 disputationi
699 2435 725 2499 si
755 2434 831 2520 quid
859 2433 962 2499 deesse
985 2434 1157 2513 uidebitur,
1182 2431 1382 2520 compensabit

304 2542 391 2608 locus
415 2565 451 2608 ex
474 2545 611 2611 oratione
634 2545 730 2617 altera
751 2546 783 2610 in
809 2545 1008 2611 Alcibiadem.
1038 2544 1090 2609 Ad
1109 2544 1263 2631 Pamphili
1277 2565 1382 2609 nomen

304 2653 350 2719 ibi
378 2657 396 2740 d
427 2658 445 2720 ὃ
475 2655 590 2720 lectum
620 2679 727 2736 nemo,
752 2656 836 2742 quod
860 2657 968 2736 sciam,
993 2656 1145 2722 editorum
1167 2655 1309 2720 attendit.
1352 2651 1383 2716 Is

288 2773 350 2831 est
379 2766 443 2832 dux
472 2766 616 2852 praesidii
646 2767 684 2832 ab
712 2767 954 2833 Atheniensibus
988 2767 1139 2853 Aeginam
1168 2767 1263 2832 missi.
1307 2765 1379 2830 Xen.

302 2877 324 2943 l.
347 2877 369 2943 l.
392 2878 417 2943 ol
439 2877 463 2942 δ’
479 2878 624 2954 Ἀθηναῖοι
648 2880 873 2960 πολιορκούμενοι
896 2877 945 2944 ὑπ’
960 2882 1055 2944 αὐτῶν
1066 2880 1241 2959 πέμψαντες
1252 2878 1293 2949 εἰς
1304 2874 1381 2953 Αἴγι-

302 3014 355 3057 νοιν
384 2989 435 3055 sal
465 2989 591 3063 ὅπλίτοις
620 2989 670 3055 sol
698 2990 864 3071 οτροοτηνὸν
890 2992 985 3056 αὐτῶν
1012 2988 1173 3073 Πάμφιλον
1199 2986 1380 3067 ἐπετείχισαν

301 3101 483 3179 Αἰγινήταις.
525 3100 664 3165 Alteram
694 3100 819 3184 quidem
851 3100 930 3164 hanc
952 3099 1020 3164 κατ’
1043 3103 1127 3166 ’Aure
1171 3098 1282 3184 Lysiae
1306 3097 1381 3162 abiu·
1472 3158 1473 3189 p

301 3211 407 3277 (1111111
435 3209 628 3290 Boeckhius,
659 3210 794 3290 Belius,
826 3211 888 3276 alii.
919 3209 1020 3276 Nemo
1044 3217 1146 3274 tamen
1168 3215 1229 3288 est,
1255 3207 1380 3294 quinin
1471 3240 1473 3243 ·

302 3345 373 3388 vera
395 3343 488 3387 causa
510 3328 541 3386 et
563 3344 581 3385 a
602 3319 713 3407 Lysiae
736 3322 857 3408 aequali
879 3321 1078 3407 compositam
1098 3320 1260 3385 existimet.
1284 3318 1380 3406 Quare
1472 3356 1473 3379 ι

301 3431 341 3498 ad
364 3433 443 3497 hanc
465 3432 644 3498 historicam
667 3434 878 3518 quaestionem
900 3456 1010 3519 parum
1032 3431 1111 3497 illud
1133 3432 1234 3497 refert.

507 3719 511 3727 ,
565 3675 620 3724 Π.
649 3680 716 3724 xar'
737 3682 910 3724 1111111101
931 3681 1112 3724 samareus.

343 3878 417 3945 Non
440 3878 478 3943 ab
502 3878 607 3944 eodem
629 3878 832 3964 pronunciata
854 3883 901 3942 est
915 3877 990 3943 haec
1005 3877 1103 3943 oratio
1119 3898 1135 3939 1
1152 3896 1213 3959 quo
1230 3871 1374 3959 superior,
1472 3918 1473 3943 2

298 4013 355 4057 nec
385 3989 642 4074 quemadmodum
674 3989 782 4053 statuit
813 3988 1032 4066 Marklandus,
1066 3985 1205 4072 epilogus
1229 3992 1274 4050 est
1295 4002 1376 4068 supc-

297 4100 401 4180 rioris,
435 4122 527 4185 quam
550 4098 733 4163 sententiam
757 4098 823 4163 iure
846 4099 976 4163 miratur
998 4098 1149 4163 Dobreus.
1195 4095 1277 4161 Nam
1298 4094 1376 4180 prior
1471 4110 1473 4205 y

297 4218 368 4298 post
389 4211 492 4297 legum
515 4217 547 4274 et
568 4208 768 4274 iurisiurandi
791 4215 822 4274 et
840 4209 1043 4274 accusationis
1058 4207 1269 4273 recitationem
1282 4201 1375 4269 uerbis
1471 4218 1473 4263 ι

296 4322 480 4410 quibusdam
505 4320 539 4385 111
562 4320 621 4384 fine
643 4325 785 4384 truncata
808 4320 946 4405 quamvis
973 4319 1031 4398 111,
1055 4319 1154 4384 multa
1169 4325 1273 4383 tamen
1287 4316 1371 4380 inter·
1472 4316 1473 4399 ξ

296 4434 367 4500 11111
389 4457 451 4500 non
475 4436 604 4519 possunt
626 4436 698 4516 post
719 4432 736 4515 1
754 4433 815 4494 le:
839 4432 896 4508 ἐγὼ
916 4431 970 4510 μὲν
989 4428 1036 4497 οὖν
1059 4432 1103 4509 ὥς
1119 4428 1261 4509 {dardana
1275 4427 1372 4509 ἄριοιο
