2958 5238
600 461 661 521 141

88 659 212 723 τοιώδ’
223 660 316 724 habet
331 659 572 745 indignationem
588 656 755 743 quandam3
775 657 807 720 in
826 656 920 721 altera
935 656 1066 720 lectione
1082 654 1170 720 οἴεσθε

87 770 266 855 languidum
288 779 344 836 est.
392 770 550 835 Soheibius
574 769 727 854 quomodo
750 768 910 832 lectionem
927 790 1011 831 suam
1028 767 1170 831 defendat

85 868 196 946 neseio.
244 882 371 968 Kayseri
402 882 572 947 emendatio
600 881 724 965 (Philol.
749 880 805 943 XI.
833 882 907 964 155)
930 882 966 951 ὡς
989 878 1076 944 οἴεσθε
1097 887 1170 960 χρῆ-

86 1017 128 1058 νοιι
149 994 249 1057 maior
272 1001 334 1072 est,
359 1016 416 1059 nee
438 993 615 1058 necessaria.

126 1105 142 1188 b
164 1107 218 1168 33.
267 1112 326 1176 τῶς
350 1104 386 1170 όιν
409 1101 454 1170 οὖν
477 1101 530 1170 εἶεν
554 1104 689 1183 όινόρωσοι
713 1103 891 1183 οὶόλιόιτεροι,
917 1102 933 1178 ἢ
956 1104 980 1167 εἰ
998 1101 1038 1166 τόν
1053 1100 1171 1183 σφέτερ’

86 1217 175 1279 οιότόν
202 1215 423 1288 ἀπολωλεκότες
446 1216 548 1281 δοκοῖεν
571 1217 708 1281 τόκεόνων
731 1215 827 1294 ἔχωνς
850 1214 997 1278 Τόκεόνων
1019 1234 1080 1276 non
1102 1234 1170 1276 oon·

86 1327 164 1390 venit
196 1350 268 1391 eum
300 1328 434 1411 generali
464 1329 570 1407 effato,
600 1328 652 1392 sed
674 1328 896 1412 requireretur,
921 1326 947 1388 si
970 1325 1086 1409 reliqua
1108 1346 1170 1389 non

85 1445 292 1516 mutarentur,
325 1439 486 1519 τόλλότρικ
517 1446 571 1504 aut
592 1441 633 1505 τόν
655 1445 711 1504 τῶν
733 1439 891 1515 κηδεστῶν,
916 1436 999 1522 quod
1023 1437 1170 1500 sentietur

86 1549 197 1632 optime
222 1551 249 1614 si
272 1550 351 1613 hano
373 1551 553 1616 sententiam
578 1574 595 1614 a
618 1551 743 1636 reliquis
767 1549 950 1635 separaveris
973 1550 1023 1612 οόκ
1038 1547 1107 1612 εἰσὶν
1123 1545 1171 1611 όν-

84 1662 179 1738 όρωτει
208 1662 384 1743 ἀθλιώτεροι,
416 1663 432 1738 ἢ
461 1660 489 1727 οἵ
514 1666 594 1747 (nam
623 1664 665 1726 sio
689 1664 797 1748 utique
820 1661 929 1726 melius
954 1658 1105 1743 scribitur)
1129 1656 1169 1722 τόι

14 1838 15 1841 ,
86 1778 135 1852 οφ,
168 1775 265 1838 atron
295 1775 383 1840 όσολ.
417 1775 518 1840 δοκοῖεν
549 1774 585 1840 όνν
614 1774 775 1857 τοὶλλότριοο
797 1775 876 1855 ἔχειν
898 1775 930 1838 in
954 1795 1015 1857 qua
1037 1770 1170 1855 generali

86 1885 235 1947 sententia
257 1885 393 1949 τόκεόνων
417 1884 585 1949 absurdum
608 1909 672 1949 esse
696 1886 827 1970 quisque
850 1884 951 1947 sentit.
997 1882 1076 1947 Mihi
1100 1904 1169 1945 cnm

14 1984 15 1987 ¹
87 1991 237 2078 Kaysero,
263 1995 373 2059 Philol.
399 1995 455 2059 XI.
484 2000 544 2060 155
570 1996 765 2061 scribendum
786 1995 906 2060 videtur
930 1999 1008 2071 ἡμῶν
1025 1996 1049 2058 εἰ
1065 2032 1110 2041 -
1126 1993 1169 2058 δο-

86 2111 194 2183 κοῖριεν,
220 2105 275 2170 sed
298 2108 388 2170 etiam
404 2130 459 2190 pro
480 2107 598 2190 σφέτερ’
615 2106 862 2171 substituendum
880 2105 1004 2185 ἡμέτερ’.
1034 2102 1079 2168 Of.
1096 2104 1171 2167 Din-

87 2212 160 2279 dorf.
191 2217 230 2282 ad
262 2216 340 2282 Xen.
370 2216 431 2282 GP.
454 2218 511 2282 VI.
538 2222 565 2282 1.
593 2222 644 2282 10.
690 2217 857 2301 Postquam
880 2217 1006 2293 δοκοῖρκεν
1030 2214 1171 2300 deprava·

87 2329 149 2388 tum
180 2337 247 2392 erat
277 2330 309 2392 in
339 2330 461 2394 tertiam
492 2352 669 2414 personam,
704 2329 825 2392 videtur
853 2331 979 2406 ἡμέτεροι
1008 2326 1170 2391 alibrario

87 2434 154 2500 huio
188 2440 451 2504 accommodatum
481 2441 620 2505 similiter
650 2442 682 2504 in
712 2441 833 2504 tertiam
864 2437 980 2502 abiisse
1027 2437 1170 2502 Ceterum

89 2547 123 2610 of.
156 2552 206 2615 18.
243 2554 271 2614 8.
318 2551 405 2616 Idem
433 2551 512 2617 illud
542 2554 659 2636 σφέτερ’
691 2556 784 2618 οιύτῶν
815 2551 891 2615 mibi
922 2557 1097 2635 suspectum
1124 2556 1170 2612 est

87 2658 180 2740 §383
211 2665 339 2727 resumit
363 2666 443 2728 enim
467 2675 568 2729 orator
590 2667 634 2731 ibi
658 2664 741 2750 quod
765 2664 881 2730 dixerat
904 2664 920 2746 b
943 2665 1002 2726 34:
1027 2662 1073 2727 διόι
1092 2664 1170 2727 τοῦτ’

90 2767 187 2843 tino&
211 2773 249 2839 όον
352 2777 400 2840 aot
429 2779 494 2847 τοὺς
524 2778 712 2855 προσήκοντος
735 2776 896 2850 οὶτολέσοιις
924 2795 985 2856 quo
1009 2772 1076 2835 loco
1098 2771 1170 2835 libri

91 2876 198 2947 habent
220 2884 398 2963 οόοτολόσόκι,
423 2886 476 2950 sed
501 2888 537 2951 of.
562 2889 578 2971 p
595 2890 636 2949 54
657 2887 802 2971 adquam
819 2885 918 2948 lucem
936 2885 1027 2947 etiam
1042 2883 1170 2947 fortasse

90 2994 242 3076 apparebit
264 2997 281 3079 d
303 2999 344 3058 45
369 2998 513 3061 οὶσολόσοοι
538 3021 602 3061 esse
625 2995 858 3061 restituendum.
906 2995 1008 3058 Perire
1031 2995 1080 3058 his
1094 2993 1170 3056 loeis

92 3098 249 3183 dicuntur,
275 3106 328 3189 qui
352 3129 407 3170 sua
430 3109 577 3171 omittunt
584 3133 593 3185 ;
618 3110 667 3173 οὐκ
686 3107 757 3184 atre
780 3133 821 3165 z
846 3109 995 3192 deprecor.
1027 3103 1169 3168 Ceterum

91 3213 222 3295 σφέτερος
247 3213 341 3281 adrev
361 3219 452 3282 etiam
470 3222 520 3282 13.
539 3222 579 3282 45
602 3219 679 3284 male
699 3220 862 3283 intrusum.
896 3217 994 3279 Aliter
1010 3215 1047 3278 de
1062 3215 1110 3278 his
1125 3215 1170 3277 iu-

93 3319 167 3388 dicat
178 3325 349 3411 Sauppius,
367 3329 479 3393 Philol.
497 3329 566 3393 XV.
585 3333 657 3395 147.
681 3329 820 3394 Sectione
838 3308 879 3392 116
898 3328 1049 3412 egregiam
1061 3324 1169 3389 Cobeti

92 3435 291 3501 coniecturam
302 3443 342 3503 σόι
353 3462 408 3524 pro
421 3441 472 3505 ἴσοι
483 3464 545 3505 non
558 3465 621 3505 esse
632 3449 784 3526 receptam
796 3441 1053 3505 aWestermanno
1065 3438 1168 3502 miror.

131 3548 221 3631 §44
268 3551 394 3616 ότοόννν
417 3552 516 3617 Νικόον
539 3547 612 3624 οἶκος
635 3554 820 3633 τροςεδοκόιτο
843 3548 913 3616 εἶνοιι
935 3554 985 3616 οὐκ
1007 3549 1129 3614 ἕλοιττον
1152 3549 1169 3624 ἢ

14 3744 16 3757 Ι
93 3652 185 3724 ἓκοιτόν
209 3660 372 3726 τοιλόντων.
419 3661 539 3747 Dignus
570 3670 679 3727 notatu
709 3663 877 3726 infinitivus
902 3665 1074 3747 proesentis
1101 3666 1171 3744 post

14 3760 16 3779 ”
93 3771 256 3854 τροεδοκόιν,
286 3780 424 3858 ausperto
449 3779 657 3859 appariturum
681 3797 752 3839 ease.
791 3773 837 3837 Of.
861 3775 878 3858 p
901 3775 960 3835 48:
985 3772 1170 3854 προσεδοκᾶτο

14 3926 15 3929 ,
94 3877 161 3944 πόνο
192 3884 292 3948 σολλόι
320 3885 353 3948 ἐκ
383 3892 434 3959 τῆς
466 3886 560 3966 ἀρχῆς
590 3885 679 3966 ἔχειν.
715 3885 792 3949 Xen.
827 3887 886 3948 An.
911 3883 967 3946 VI.
1003 3886 1030 3946 l.
1058 3885 1116 3945 16:
1146 3884 1169 3946 οἱ
1235 3890 1241 3900 “

94 4002 262 4069 στρωτιότοιι
292 3996 461 4076 προσεδόκων
491 3996 606 4075 trove-at
628 4023 655 4064 τι
679 3998 778 4079 σφίσιν
802 3997 889 4072 ἥκειν,
914 3995 967 4059 ubi
990 4016 1051 4058 non
1074 3992 1170 4075 magis

95 4096 128 4160 de
150 4107 272 4172 advecto
295 4110 355 4173 iam
380 4108 561 4195 Ohirisopho
584 4112 724 4175 futurum
748 4117 913 4194 usurpatur
937 4129 1028 4192 qnam
1044 4104 1170 4188 reliquis

95 4205 161 4275 loeis
183 4213 256 4292 ἕξειν
279 4228 309 4281 et
329 4219 441 4284 ἔσεσόοιι
458 4221 495 4284 de
510 4221 612 4299 bonis,
638 4244 713 4305 quae
729 4229 795 4284 tum
811 4220 871 4283 iam
886 4217 1048 4282 habebant.
1072 4215 1169 4278 Paulo

97 4330 156 4387 ante
184 4330 201 4413 p
230 4330 272 4390 46
302 4329 358 4393 sub
389 4331 440 4394 fin.
472 4331 537 4394 iure
561 4329 695 4395 Cebetas
718 4332 855 4396 τόλοιντκ
877 4329 1014 4414 reposuit
1036 4348 1092 4410 pro
1115 4349 1169 4391 τοι·

97 4432 198 4503 λεόντων
205 4490 214 4523 ,
240 4438 322 4524 quod
345 4441 453 4506 mirere
476 4449 537 4505 tam
561 4442 615 4505 diu
637 4442 801 4506 toleratum
824 4462 896 4504 esse.
