2994 5234
640 494 701 556 207

123 713 152 774 p.
177 691 241 753 271
267 687 447 752 dubitanter
469 688 493 750 οἱ
519 688 555 750 Λ’
568 687 616 750 vel
639 688 664 750 οἱ
678 689 742 752 AE‘
758 688 778 750 i.
796 711 821 751 o.
846 689 870 752 οἱ
887 688 1042 768 τριάιιοντα
1062 690 1108 753 vel
1121 690 1215 770 τριάν.

98 855 106 869 f
124 800 212 863 πέντε
220 824 230 876 ;
255 798 366 861 melius
382 796 513 880 Bergk:
538 796 619 879 δέκα)
643 796 770 876 ᾑρημένοι
794 799 981 872 νομοθέται
1002 799 1056 862 ὑπὸ
1076 807 1128 873 τῆς
1148 799 1216 874 βον-

122 917 177 982 λῆς
201 903 479 985 ἀναγράφοντες
503 907 531 968 ἐν
555 905 665 969 οανόοιν
684 906 847 970 ἐκτιθέντων
870 908 937 986 πρὸς
953 908 1018 978 τοὺς
1040 909 1215 982 ἐπωνύμους.
1308 884 1316 895 ⁰

123 1016 338 1097 Quamquam,
364 1013 390 1075 si
415 1013 466 1076 cui
489 1012 585 1076 dubia
608 1013 749 1077 videatur
773 1014 847 1078 haec
871 1016 1052 1092 auctoritas,
1076 1016 1162 1078 vides
1178 1037 1216 1078 ne

122 1123 330 1209 psephismate
354 1123 478 1207 quidem
502 1145 579 1207 opus
603 1146 686 1200 esse,
710 1132 746 1186 ut
770 1123 997 1189 demonstretur
1020 1125 1144 1188 illorum
1166 1148 1217 1188 no-

123 1233 334 1297 mothetarum
365 1232 431 1315 (qui
461 1231 555 1316 probe
579 1232 790 1316 distinguendi
814 1256 829 1295 a
855 1235 1030 1318 quingentis
1055 1235 1086 1296 in
1110 1235 1217 1298 codem

123 1343 336 1429 psephismate
359 1342 622 1419 commemoratis,
647 1351 677 1406 et
702 1365 719 1406 a
742 1343 931 1428 vulgaribus)
948 1345 1105 1428 proprium
1122 1346 1216 1409 fuisse

122 1454 159 1518 τὸ
182 1453 369 1533 ἀναγράφειν
394 1453 459 1524 τοὺς
484 1452 595 1529 νόμους.
643 1451 767 1531 Quibus
792 1454 865 1516 satis
888 1453 1129 1517 demonstratum
1152 1461 1218 1518 tan·

123 1584 218 1647 quam
251 1562 400 1637 νομοθέτην
433 1561 624 1644 rescripsisse
647 1562 847 1645 (ἀναγράψαι)
870 1563 952 1646 leges
975 1562 1215 1641 Nicomachum3

124 1694 181 1736 nec
207 1671 378 1756 quidquam
401 1671 560 1755 prohibet,
586 1672 752 1754 quominus
776 1694 846 1735 eum
871 1674 975 1736 statim
998 1681 1069 1757 post
1091 1674 1220 1757 triginta

125 1782 207 1844 viros
231 1780 374 1864 expulsos
398 1788 534 1844 creatum
556 1788 711 1865 putemus.
750 1780 842 1860 Quod
858 1783 891 1845 in
907 1783 1113 1866 psephismate
1136 1784 1219 1867 apud

125 1889 321 1954 Andocidem
351 1890 493 1954 iubentur
526 1911 589 1952 uno
612 1912 716 1953 meuse
738 1912 851 1954 munus
875 1892 1018 1974 perficere
1042 1891 1220 1974 (παραδιδόν-Ι

124 2024 183 2064 των
207 2006 276 2069 ταῖς
301 2003 410 2079 ἀρχαῖς
435 2002 463 2063 ἐν
486 1999 557 2079 τῷδε
581 2001 621 2078 τῷ
644 2000 745 2082 aaut),
771 1999 853 2082 apud
876 1999 1002 2083 Lysiam
1025 2002 1053 2084 (d
1076 2002 1108 2083 b)
1128 1998 1220 2064 Nico-

127 2108 258 2172 machus
290 2108 404 2171 dicitur
427 2115 565 2193 potuisse
595 2109 723 2191 triginta
753 2108 860 2171 diebus
891 2131 955 2171 rem
980 2109 1138 2191 perficere,
1160 2110 1219 2172 dis·

127 2219 245 2281 crimen
273 2226 319 2280 est
342 2219 496 2280 minutum
520 2217 611 2280 nimis
635 2239 726 2300 quam
751 2224 787 2280 ut
810 2239 865 2280 nos
890 2220 1001 2282 morari
1025 2218 1145 2281 debeat.
1254 2283 1255 2287 ,

172 2326 319 2391 Ceterum
350 2328 452 2391 omnia
481 2327 514 2390 in
542 2326 598 2389 hac
621 2327 758 2389 oratione
781 2327 930 2403 clamant,
955 2327 1078 2411 cuipam
1100 2328 1141 2392 N.
1165 2331 1220 2392 mi-

128 2438 214 2500 rifice
247 2436 285 2499 ab
316 2444 436 2499 oratore
467 2436 651 2519 exaggerari.
698 2436 820 2514 Pretio,
852 2438 972 2521 iuquit,
998 2448 1071 2502 ante·
1091 2440 1220 2524 triginta

127 2547 210 2609 viros
242 2543 323 2627 leges
351 2544 417 2607 fixit
449 2552 541 2627 atque
571 2545 670 2608 refixit
677 2571 687 2621 3
719 2568 780 2608 non
805 2546 871 2608 aliis
895 2547 1058 2611 utebamur
1082 2547 1218 2631 legibus,

126 2676 221 2740 quam
252 2666 327 2735 quas
357 2653 410 2717 ille
438 2654 692 2718 subministrabat
714 2656 802 2719 nobis
828 2658 854 2739 (d
877 2659 919 2740 3).
965 2656 1021 2720 Est
1044 2659 1103 2720 ista
1125 2656 1220 2722 dicta·

124 2765 202 2828 toris
228 2769 283 2825 aut
306 2771 499 2826 aasumnctae
523 2764 670 2846 potentia.
718 2762 817 2827 Ouius
837 2763 969 2827 hominis
993 2765 1112 2829 nullam
1127 2768 1219 2831 aliam

125 2871 307 2938 memoriam
330 2871 412 2955 apud
435 2873 569 2955 reliquos
583 2874 690 2936 harum
702 2896 808 2936 rerum
824 2875 984 2959 scriptores
1001 2897 1092 2958 quam
1108 2877 1140 2939 in
1156 2900 1218 2941 uno

125 2984 287 3064 alteroque
321 2980 405 3045 dicto
436 2983 652 3066 Aristophanis
689 2983 777 3065 (Ran.
808 2987 911 3061 1505,
947 2987 1031 3050 1078
1063 2986 1220 3070 utsupra

125 3116 156 3176 p.
183 3093 241 3174 54)
260 3091 485 3174 superfuturum
508 3092 619 3169 brisso,
645 3093 714 3177 quis
738 3093 796 3157 sibi
820 3094 1038 3178 persuaderet?
1084 3097 1220 3159 Attendc

125 3202 222 3264 etiam
258 3199 325 3262 illas
360 3200 549 3278 tragoedias:
584 3201 806 3277 ἐπιβαλλόντων
840 3203 870 3265 δὲ
905 3210 961 3267 τῶν
987 3203 1136 3283 ἀρχόντων
1159 3208 1220 3270 ε’πι-

124 3309 225 3387 βολάς
259 3307 309 3370 καὶ
343 3309 514 3385 εἰςαγόντων
548 3311 588 3380 εἰς
622 3311 656 3374 τό
695 3311 871 3389 δικαστήριον
902 3316 953 3377 οὐκ
984 3312 1103 3388 ἠθέλησε
1125 3338 1220 3393 παρα·

125 3420 224 3483 δοῦναι
266 3416 332 3487 τοὺς
374 3417 490 3491 νόμους·
531 3418 630 3482 ἀλλά
675 3419 898 3500 πρότερον.ἧ
931 3422 1033 3492 πόλις
1067 3425 1117 3493 εἰς
1151 3424 1219 3494 τάς

126 3528 317 3606 μεγόστας
348 3527 538 3609 συμφορὰς
570 3530 747 3612 κατέσπα,
779 3531 847 3610 πρὶν
873 3536 973 3595 τοῦτον
1002 3533 1219 3607 ἀπαλλαγῆναι

126 3646 180 3712 τῆς
221 3635 318 3713 ἀρχῆς
355 3635 405 3698 καὶ
440 3641 496 3700 τῶν
530 3638 745 3714 πεπραγμένων
779 3639 898 3711 εὐθύνας
936 3641 1096 3718 ὑποσχεῖν,
1141 3662 1220 3723 quae

128 3747 172 3810 sic
203 3744 369 3821 dicuntur,
405 3746 491 3829 quasi
522 3768 602 3810 unus
635 3745 842 3811 Nicomachus
873 3747 1081 3812 calamitatum
1114 3755 1221 3812 auctor

128 3856 247 3930 faerit,
287 3875 366 3937 quac
406 3861 506 3918 tamon
545 3878 618 3919 casu
658 3864 781 3920 tantum
814 3858 847 3920 in
876 3857 959 3921 idem
991 3865 1113 3942 tempus
1147 3859 1222 3922 inci·

130 3965 221 4029 dunt.
268 3962 346 4026 Tum
385 3963 534 4027 invidiose
572 3965 704 4042 δημόσιος
740 3966 853 4029 dicitur
888 3966 925 4029 ab
960 3966 1066 4031 eodem
1101 3973 1220 4031 oratore

130 4074 185 4157 qui
218 4073 310 4157 paulo
341 4081 411 4135 ante
443 4096 512 4137 eum
537 4073 655 4138 dixerat
684 4077 723 4147 εἰς
747 4079 813 4147 τοὺς
838 4076 987 4155 Φράτερας
1012 4078 1220 4159 ἐγγραφῆναι,

129 4184 162 4248 id
195 4191 243 4246 est
270 4183 385 4266 optimo
420 4184 486 4246 iure
520 4185 614 4248 civem
651 4208 724 4248 csse.
771 4185 926 4250 Nimirum
961 4193 1047 4270 pater
1080 4184 1221 4250 Nicoma-

131 4292 182 4355 chi
215 4314 319 4355 servus
350 4299 414 4355 erat
444 4292 601 4377 publicus,
626 4296 679 4377 qui
702 4296 825 4359 civitate
848 4294 980 4358 donatus
1002 4295 1178 4379 impetravit
1201 4318 1219 4356 a

132 4400 250 4485 populo
282 4409 317 4464 ut
352 4402 457 4466 liceret
491 4403 589 4465 tilium
627 4405 780 4487 phratrias
812 4405 926 4469 tabulis
958 4405 1105 4482 inserere,
1138 4404 1221 4489 quod
