2958 5238
794 479 856 539 120

283 678 313 734 et
335 669 371 735 ἂν
396 671 476 748 ὑμεῖς
499 671 702 748 δημεύσητε
726 676 893 760 posterius,
917 680 934 763 b
957 682 975 739 6
1000 679 1067 754 ὑμῖν
1089 678 1358 769 rdJEpccrdtcirroc

282 782 411 858 dapsilem
442 781 542 858 ἔδοξε
572 785 656 868 prius
687 785 888 852 demonstrari
911 788 1041 853 videtur.
1081 788 1165 852 Haec
1188 789 1231 851 sic
1251 785 1361 850 debent

282 893 313 956 in
344 901 524 958 concentum
556 894 670 980 redigi,
702 910 737 960 ut
768 907 955 977 statuamuS,
988 899 1143 963 decretum
1166 899 1226 962 iam
1250 898 1361 960 factum

282 1005 375 1068 luisse
399 1004 547 1070 debonis
571 1007 782 1092 publicandis,
806 1010 943 1074 nondum
966 1019 1068 1074 tamen
1091 1011 1123 1073 in
1147 1010 1296 1073 aerarium
1319 1031 1361 1071 re·

281 1115 344 1179 lata
367 1116 468 1179 fuisse.
515 1116 564 1180 Ita
587 1140 648 1181 non
672 1127 717 1183 est
741 1143 794 1184 cur
817 1143 871 1205 pro
895 1121 1050 1198 δημεύεται
1067 1144 1137 1185 cum
1152 1120 1268 1188 Cobeto
1284 1119 1362 1204 lega-

283 1249 351 1291 mus
374 1227 555 1304 δεδήμειιτιιι.
601 1229 710 1316 Nuper
737 1232 900 1296 admodum
928 1232 965 1297 de
989 1215 1179 1317 publicandis
1203 1231 1292 1296 bonis
1316 1231 1363 1293 de·

282 1347 397 1403 cretum
420 1340 531 1417 fuisse,
556 1341 627 1405 inde
643 1351 769 1427 apparet
785 1344 867 1428 quod
884 1344 976 1429 paulo
993 1352 1063 1407 ante
1080 1344 1150 1428 (νυνί
1164 1345 1180 1429 ᾧ
1197 1344 1228 1426 7)
1244 1343 1361 1427 privato

280 1449 394 1514 iudicio
418 1451 529 1534 petitor
552 1460 719 1516 certaverat
743 1454 781 1517 de
805 1477 877 1538 agro
901 1453 1085 1539 Cicynnensi
1108 1466 1139 1517 et
1154 1454 1265 1530 domo;
1283 1451 1362 1538 qnod

282 1569 363 1625 certe
385 1561 549 1646 publicatis
572 1562 635 1626 illis
659 1564 724 1637 fieri
747 1586 809 1628 non
834 1565 945 1650 potnit.

322 1672 529 1757 ¹Proscriptam
569 1697 633 1737 esse
667 1674 799 1739 vidimus
829 1684 926 1740 totam
955 1674 1171 1739 haereditatem
1203 1673 1361 1750 Eratonis3

283 1784 477 1848 manifestum
505 1785 564 1848 hoc
591 1797 636 1850 est
659 1809 695 1850 ex
718 1789 851 1852 sectione
875 1792 913 1866 4,
943 1788 980 1852 de
1004 1810 1065 1871 qua
1086 1787 1178 1871 paulo
1201 1792 1289 1870 post3
1313 1782 1361 1847 sed

283 1902 422 1980 pugnant
445 1918 521 1979 quse
544 1897 742 1962 inveniuntur
763 1901 780 1985 t
804 1902 836 1962 ὃς
861 1900 957 1973 ἐπειδη
973 1899 998 1962 δ’
1015 1900 1081 1976 ὑμῖν
1098 1900 1137 1961 τὰ
1152 1897 1363 1977 Ἐρασιφῶν-

282 2029 340 2076 τος
364 2007 466 2088 (unius
490 2008 646 2073 extribus
669 2008 741 2072 filiis
764 2009 919 2093 Eratonis)
945 2011 1074 2087 δημεύειν
1095 2008 1205 2084 ἔδοξεν,
1222 2006 1361 2088 &meleti

283 2114 366 2181 ’πόλει
387 2116 428 2181 rat
450 2118 497 2183 δύο
519 2119 606 2199 μέρη,
627 2121 668 2183 τὰ
684 2118 911 2201 Ἐρασιστράτου
926 2119 995 2196 ἀξιῶ
1013 2144 1061 2198 μοι
1080 2118 1272 2199 ψηφισθῆναι.
1307 2114 1363 2178 Sed

283 2227 320 2291 ab
344 2235 462 2292 oratore
485 2230 529 2292 ita
552 2230 644 2294 scribi
667 2253 732 2294 non
755 2232 908 2316 potuisse,
933 2231 1068 2295 ostendit
1090 2232 1157 2315 ipsa
1174 2252 1238 2305 res;
1255 2250 1329 2291 nam
1340 2225 1364 2288 si

282 2336 493 2423 Erasiphontis
516 2347 638 2404 tautum
661 2340 740 2404 bona
761 2342 875 2406 aerario
892 2341 1045 2405 vindicata
1060 2347 1177 2418 essent,
1194 2338 1275 2403 nihil
1290 2361 1363 2423 opus

283 2456 347 2512 erat
377 2448 435 2512 hoc
465 2449 598 2528 iudicio,
623 2450 774 2536 siquidem
796 2460 881 2515 actor
902 2452 982 2516 nihil
1005 2452 1063 2516 nisi
1086 2451 1264 2515 Erasistrati
1289 2450 1365 2515 bona

282 2557 341 2622 sibi
369 2560 519 2643 postulat,
544 2561 626 2640 διότι,
654 2563 772 2647 inquit,
802 2564 901 2629 τμῦτιὶ
924 2563 955 2640 γ’
979 2563 1029 2639 ἤδη
1054 2564 1101 2627 aa)
1125 2563 1256 2644 πρότερον
1282 2561 1366 2639 ἐγνώ-

283 2671 346 2734 nat
365 2669 478 2750 ἡμέτερ’
504 2668 583 2736 εἶναι.
631 2671 709 2736 Sunt
740 2681 842 2737 autem
873 2696 944 2758 ager
966 2672 1124 2758 Sphettius
1145 2682 1175 2737 et
1198 2672 1366 2758 (heynrieu-

282 2780 323 2843 sis
355 2802 425 2845 cum
455 2782 560 2860 domo,
593 2806 670 2867 quae
693 2783 746 2847 ille
769 2783 888 2848 dudum
912 2791 966 2847 aut
988 2784 1053 2868 ipse
1077 2790 1222 2848 tenuerat
1245 2793 1300 2848 aut
1323 2785 1365 2847 iu-

284 2891 363 2955 dicio
392 2893 449 2958 sibi
481 2894 633 2958 vindicare
663 2894 833 2959 identidem·
863 2902 992 2959 conatus
1017 2902 1090 2960 erat.
1137 2894 1213 2959 Rem
1236 2893 1365 2959 animad-

282 3004 374 3067 vertit
398 3004 487 3069 etiam
512 3006 644 3071 Meicrus
667 3029 696 3090 p.
724 3009 797 3071 192.
846 3004 917 3070 Non
943 3006 1108 3071 admodum
1131 3005 1289 3093 probabile
1306 3013 1362 3080 est,

283 3114 392 3178 vitium
423 3138 486 3180 esse
517 3115 649 3194 librarii3
681 3117 763 3180 cadit
794 3117 896 3202 potius
933 3118 965 3181 in
995 3117 1190 3182 festinantem
1224 3119 1364 3203 epitoma-

284 3233 390 3290 torem.

328 3337 375 3401 De
406 3337 617 3423 Erasiphontis
648 3339 735 3404 bonis
767 3362 862 3424 quum
894 3339 972 3402 actio
1003 3346 1081 3402 esset
1111 3338 1255 3402 instituta
1285 3333 1363 3423 apud

285 3448 400 3513 iudices
423 3451 578 3534 vulgares,
601 3451 809 3536 exceptionem
832 3457 992 3514 moverunt
1015 3450 1079 3514 eius
1102 3449 1222 3527 affines,
1245 3468 1362 3513 cansam

285 3560 324 3624 ad
347 3561 513 3626 νμυτοέίκιει
536 3562 636 3626 lorum
659 3561 855 3626 reiiciendam
879 3583 943 3624 esse
966 3560 1201 3637 contendentes3
1226 3561 1250 3623 ii
1272 3573 1362 3643 quum

284 3672 331 3736 ius
363 3671 507 3736 dicerent
528 3672 627 3736 hieme
656 3680 778 3736 tantum
801 3671 849 3754 (cf.
874 3670 1007 3734 Boeokh.
1032 3670 1162 3735 Staatsh.
1186 3670 1213 3734 Ι.
1239 3694 1269 3758 p.
1294 3672 1362 3754 54),
1422 3740 1426 3749 ,

285 3791 405 3868 tempus
429 3806 459 3847 se
484 3791 670 3847 extracturos
694 3782 865 3867 sperabant.
912 3781 999 3862 Quae
1022 3804 1069 3846 res
1092 3783 1129 3846 iis
1153 3783 1279 3848 mirifice
1301 3803 1363 3846 scc-
1471 3778 1472 3785 '

285 3895 385 3958 cessit.
432 3892 513 3958 Nam
537 3916 628 3958 causa
651 3894 688 3958 ad
713 3895 878 3980 proximam
902 3894 1031 3957 hiemem
1054 3894 1198 3979 ampliata
1221 3904 1277 3960 est.
1311 3892 1362 3958 Ni·
1470 3932 1472 3971 :

285 4006 395 4070 mirum
424 4004 596 4091 Erasiphon
628 4014 658 4070 et
688 4007 762 4070 olim
793 4008 819 4091 (b
850 4009 881 4091 3)
913 4013 942 4069 et
965 4028 1045 4069 nunc
1068 4014 1255 4072 mercaturae
1277 4026 1363 4071 causa

285 4118 534 4202 peregrinabatur
569 4118 745 4203 (legendnm
788 4120 908 4199 ἔμποροι
947 4141 1008 4182 non
1042 4117 1179 4200 ἔμποροι).
1238 4117 1359 4183 Interim

285 4229 366 4294 bona
389 4230 490 4293 omnia
512 4228 655 4293 Eratonis
679 4251 756 4312 quae
778 4230 914 4305 hiscant,
932 4228 1136 4313 publicantur.
1160 4227 1272 4306 Nunc,
1288 4240 1360 4312 quae

286 4339 333 4402 via
364 4340 401 4403 ad
433 4347 549 4424 partem
581 4348 661 4403 certe
690 4338 904 4402 vindicandam
935 4337 1110 4402 brevissima
1132 4347 1209 4417 erat,
1234 4362 1297 4404 eam
1319 4337 1359 4400 in·

285 4450 432 4534 greditur.
469 4452 657 4537 Desperam,
681 4451 772 4536 plane
795 4473 826 4514 se
850 4472 939 4514 suum
953 4451 1002 4513 ius
1018 4450 1215 4517 obtenturum
1232 4457 1262 4515 et
1276 4453 1359 4515 πλέον
