3002 5240
624 492 643 551 b

102 702 187 760 artem
220 704 339 776 tamen,
371 706 406 762 ut
436 700 489 783 qui
518 700 663 776 maxime,
684 697 857 763 occultavit.
909 697 956 761 De
979 698 1172 784 simplicitate

102 806 220 892 Lysiaca
250 810 347 894 possis
380 809 550 894 praedicare
581 809 664 894 quud
692 809 729 873 de
752 810 817 873 eius
840 809 1037 894 dispositione
1061 810 1172 875 dicitur

101 917 192 1000 (Dion.
217 942 243 982 c.
269 922 301 1004 8)
324 921 479 1007 οιεποιήται
511 921 590 1001 αὐτῷ
619 926 704 985 τοῦτο
734 920 767 986 τὸ
790 922 943 996 ἀποίητον,
966 921 1015 985 καὶ
1039 922 1068 986 ἕν
1091 925 1169 1002 αὐτῷ

100 1031 133 1109 τῷ
154 1032 194 1105 μὴ
217 1030 306 1095 δοκεῖν
329 1030 421 1102 δεινῶς
443 1031 672 1097 κατεσκευάσθαι
694 1031 728 1097 rb
750 1031 834 1095 deruis
856 1032 928 1111 ἔχει.
1028 1041 1031 1046 ’

136 1140 300 1225 Dionysius
322 1144 373 1216 τὴν
395 1141 536 1215 ἠθοποιΐαν
558 1141 667 1226 Lysiae
691 1141 818 1206 laudans
842 1140 971 1205 dubium
986 1150 1048 1220 est,
1067 1150 1171 1207 utrum

99 1274 161 1315 suos
189 1273 289 1315 mores
316 1252 443 1336 singulis
466 1252 634 1337 adscriptos
658 1252 748 1329 velit,
774 1276 811 1317 an
836 1252 976 1316 omnibus
999 1253 1086 1338 probi
1109 1277 1170 1318 om-

98 1362 163 1425 nino
190 1362 249 1425 viri
279 1363 435 1447 ingenium
465 1362 615 1427 tributum
646 1364 694 1447 (cf.
723 1363 929 1449 Hermogenes
960 1363 998 1427 de
1020 1363 1102 1428 ldeis
1125 1364 1168 1427 Π.

96 1496 122 1557 p.
145 1476 217 1538 304.
242 1474 348 1538 Wala:
373 1469 434 1547 ἦθος
453 1475 543 1539 τοίνυν
562 1476 590 1539 ἐν
608 1475 688 1554 λόγῳ
707 1481 783 1539 ποιεῖ
800 1474 937 1540 ἐπιείκεια
954 1474 1003 1539 καὶ
1023 1474 1168 1556 ὠφέλεια,

97 1610 120 1650 ιι.
134 1611 160 1651 r.
176 1586 220 1671 ὲ).
256 1585 412 1649 Posterius
435 1586 497 1649 fere
520 1585 714 1663 crediderim,
739 1585 821 1672 quod
845 1586 1003 1672 subiungit
1025 1594 1170 1672 tauquam

95 1718 194 1761 novam
217 1703 248 1761 et
272 1696 421 1761 diversam
442 1700 585 1763 virtutem
608 1700 645 1781 (c.
671 1701 728 1783 9.)‚
753 1698 941 1783 singularum
964 1706 1114 1777 aetatum,
1139 1706 1169 1763 et

96 1807 258 1872 studiorum
284 1810 435 1872 orationes
458 1808 496 1873 ab
519 1832 554 1874 eo
578 1809 736 1874 distinctas
759 1810 861 1874 fuisse.
908 1809 968 1874 sed
991 1809 1041 1874 hio
1063 1832 1168 1874 rursus

96 1919 175 1983 nimis
204 1919 243 1983 ad
276 1918 397 1982 laudem
426 1940 593 2004 propensus
624 1943 688 1983 esse
719 1919 848 1984 videtur.
893 1919 1032 2006 Namque
1062 1920 1168 2006 Lysias

95 2038 167 2094 recto
195 2054 271 2097 usus
300 2030 430 2108 iudicio,
459 2040 581 2095 eatenus
605 2031 729 2116 quidem
751 2030 891 2095 distinxit
913 2031 993 2096 inter
1016 2054 1047 2094 se
1070 2055 1168 2116 perso

95 2162 156 2220 nas,
174 2150 209 2206 ut
226 2166 291 2207 non
310 2142 449 2207 omnibns
471 2165 540 2207 eum
559 2142 719 2207 candorem
738 2150 769 2207 et
787 2143 1012 2227 simplicitatem
1031 2144 1168 2225 (εὐήθειαν

96 2251 137 2314 καὶ
161 2255 317 2339 ἀφέλειαν)
344 2253 542 2332 adscriberet,
567 2254 619 2318 sed
643 2262 744 2319 tamen
768 2262 880 2318 aetates
905 2261 934 2318 et
957 2255 1035 2319 vitae
1058 2277 1167 2339 genera

98 2363 221 2429 oratioue
244 2387 306 2429 nun
330 2365 489 2443 distinxit3
512 2372 543 2429 et
564 2366 648 2428 illam
669 2367 767 2451 ipsam
789 2365 1015 2450 simplicitatem
1037 2366 1080 2428 sic
1099 2366 1182 2431 sub'

98 2471 155 2539 iude
185 2477 394 2562 exaggeravit,
426 2486 462 2540 ut
493 2476 630 2540 affectata
661 2475 850 2541 auditoribus
867 2475 1026 2540 videretur
1047 2499 1167 2541 necesse

98 2594 171 2651 mast.
206 2587 280 2652 Nou
304 2587 405 2666 video,
431 2586 505 2673 quid
527 2569 709 2673 magnopere
732 2588 852 2652 intersit
871 2589 951 2652 inter
970 2588 1071 2652 claudi
1087 2589 1167 2652 senis

96 2716 269 2776 sermonem,
294 2700 344 2763 cui
362 2699 534 2763 vicesimam
553 2706 707 2785 quartam,
729 2707 758 2762 et
778 2699 927 2784 agricolae
942 2700 1017 2782 (ruri
1032 2700 1165 2778 habitat,

97 2807 127 2870 cf.
147 2811 162 2894 b
179 2812 236 2873 18:
262 2812 327 2882 τοὺς
350 2810 494 2893 γείτονας)
518 2811 568 2874 cui
591 2811 750 2895 septimam
773 2810 940 2875 orationem
956 2811 1091 2895 scripsit,
1111 2833 1167 2874 nec

97 2918 164 2985 inter
192 2923 321 2987 militem
353 2924 440 3006 (orat.
476 2924 528 3008 16)
559 2931 589 2986 et
619 2922 833 3007 Aristophanis
864 2922 983 2987 affinem
1013 2923 1067 3005 (or.
1109 2924 1165 3006 19).

97 3027 158 3095 Non
183 3033 353 3118 provocabo
384 3032 422 3097 ad
444 3033 547 3097 Plauti
570 3022 719 3111 Militem,
744 3039 779 3097 ut
802 3033 857 3118 qui
880 3034 920 3097 sit
943 3055 1039 3101 sermo
1062 3033 1167 3097 militis

97 3140 280 3223 gloriabundi
313 3144 487 3222 ostendam,
520 3144 572 3209 sed
602 3146 705 3230 potius
736 3145 774 3208 ad
806 3144 896 3209 verba
927 3145 1107 3230 Iphicratis,
1132 3145 1164 3207 iu

97 3255 238 3334 oratione,
268 3267 329 3341 qna
355 3278 387 3318 se
415 3277 478 3318 non
507 3255 669 3340 indignum
696 3249 810 3319 bonore
833 3253 968 3318 ostendit
992 3253 1051 3317 sibi
1074 3253 1165 3317 semel
1260 3303 1263 3309 ,

97 3360 253 3450 designato.
289 3364 365 3429 Earn
389 3366 555 3429 orationem
579 3365 703 3450 quidam
726 3365 804 3429 male
819 3364 927 3449 Lysiae
945 3363 1163 3428 adscribebant.

97 3475 140 3551 Ei,
157 3475 274 3562 inquit,
298 3479 376 3543 ἑπτα
396 3480 463 3555 ὑμῖν
486 3474 559 3553 ἦσαν
582 3477 741 3557 στρατηγοὶ
760 3472 814 3548 οἷος
833 3476 908 3553 ἐγώ,
928 3476 1058 3550 οὶοίιιντος
1077 3474 1113 3539 ἂν
1132 3471 1164 3550 ἦν

98 3583 112 3655 ἦ
127 3589 312 3665 Λακεδαίμων
336 3588 514 3671 (Aristides,
539 3610 581 3652 or.
603 3591 656 3665 49,
679 3611 710 3672 p.
728 3589 791 3650 518
808 3585 880 3649 Ddi.
897 3586 985 3670 frgm.
1003 3585 1124 3650 XVIII.
1143 3589 1161 3650 5

98 3691 220 3783 Saupp.).
255 3700 355 3773 ’Ὑμεῖς
378 3700 431 3778 μὲν
453 3698 535 3763 οἴεσθ’
557 3695 578 3763 ὦ
601 3697 697 3779 ἄνδρες
713 3697 869 3773 Ἀθηναῖοι,
886 3700 954 3777 παρ’
970 3699 1047 3774 ὑμῶν
1063 3698 1162 3763 ταῦτα

99 3827 138 3878 μοι
155 3809 213 3894 (τοὶ)
231 3808 402 3889 γράμματα
417 3810 465 3875 καὶ
482 3811 534 3884 τὴν
556 3810 665 3886 στήλην
682 3805 756 3874 εἶναί
771 3833 799 3873 τι
817 3806 936 3892 σεμνόν,
954 3807 1016 3885 ἐμοὶ
1028 3808 1057 3872 δὲ
1069 3809 1162 3884 στήλη

99 3916 274 3997 οὐρανομήκης
298 3920 416 3996 ἕστηκεν
440 3922 468 3985 ἕν
490 3932 527 4004 τῇ
550 3920 754 4001 Πελοποννήσῳ
776 3925 960 4001 μαρτυροῦσα
982 3920 1033 3993 τὴν
1048 3920 1161 4000 αἱρετήν.

100 4022 160 4111 (lb.)
186 4031 229 4095 Tb
258 4034 311 4109 μὲν
341 4031 409 4111 ε’μὸν
438 4034 492 4096 atc'
521 4034 591 4110 ἐμοῦ
619 4032 701 4111 γένος
723 4030 868 4113 ἄρχεται,
892 4030 925 4094 τὸ
948 4030 977 4094 δὲ
1000 4029 1047 4094 σὸν
1069 4030 1098 4095 ἕν
1120 4055 1162 4095 σοι

101 4139 212 4207 παύεται
235 4142 328 4226 (Plut.
342 4143 510 4229 'Apophtb
535 4166 564 4228 p.
592 4146 665 4209 187.
689 4143 725 4208 B.
750 4144 837 4229 frgm.
862 4141 984 4206 XVHI.
1010 4145 1050 4228 8).
1074 4141 1162 4206 Com·

100 4266 161 4328 para
188 4275 255 4317 cum
285 4253 334 4319 his
356 4254 437 4318 leuia
459 4253 512 4317 illa
534 4254 625 4319 verba
647 4256 752 4320 militis
776 4255 857 4340 apud
879 4253 1001 4338 Lysiam
1025 4260 1055 4316 et
1076 4253 1164 4316 intel·
1221 4242 1228 4277 ¹

101 4353 169 4442 leges
195 4373 340 4449 quantum
373 4365 474 4430 absint
496 4365 623 4450 Lysiaca
645 4366 682 4431 ab
706 4367 907 4431 ostentatione
930 4373 960 4429 et
982 4365 1062 4429 fastu
1085 4364 1162 4428 mili-

102 4470 157 4534 tari.
189 4473 321 4553 „Navita
344 4476 381 4540 de
404 4477 520 4556 ventis,
545 4476 582 4540 de
605 4476 703 4545 bobus
718 4484 820 4542 narrat
837 4475 972 4554 arat0r;''
996 4475 1089 4541 sedis
1106 4477 1159 4563 qui
