2994 5234
635 471 698 532 283

110 675 169 730 τῶν
203 669 298 730 αὐτῶν
331 667 418 745 ἔργων
448 667 621 744 ἐπιθυμηταὶ
645 668 754 738 τούτοις
778 666 866 734 ὄντες.
893 666 945 726 25.
971 668 1008 726 8:
1034 665 1083 726 οὐκ
1105 661 1211 739 ἐλαχι-

111 801 182 841 στον
215 778 244 840 ἑν
275 776 342 852 ὑμῖν
373 779 434 842 ἐστι
466 777 548 853 μέρος
578 780 614 847 ὡς
638 777 793 847 πλείστους
817 776 964 851 ἐπιθυμεῖν
987 778 1042 837 τῶν
1066 771 1212 851 παρόντων

111 892 169 950 νυνὶ
205 886 402 965 πραγμάτων.
450 886 496 951 Of.
530 887 617 952 Dem.
652 891 704 952 23.
740 889 812 950 lat.
860 885 1027 961 Ἐπνθυμεῖν
1057 882 1106 944 his
1137 880 1213 943 locis

112 1021 177 1062 non
210 997 325 1062 dicitur
353 1021 569 1083 superarem,
595 1022 656 1084 qua
679 1021 798 1075 careas,
824 996 877 1061 sed
901 995 1061 1080 amplecti,
1087 991 1212 1074 diligere

112 1131 210 1193 quam
236 1109 357 1173 habeas,
405 1104 515 1193 Itaque
538 1110 639 1174 τούτου
663 1117 710 1173 est
733 1115 783 1174 τοῦ
811 1104 881 1172 εἶναι
906 1108 1041 1176 πολίτας.

157 1221 176 1303 p
202 1221 233 1282 6.
280 1216 354 1283 οὗτοι
378 1219 457 1294 δῆλοί
479 1221 547 1284 εἰσιν
572 1219 613 1283 ὅτι
637 1219 673 1283 ἂν
697 1220 836 1300 παρέντες
852 1256 897 1267 -
912 1218 1025 1282 ἔλθοιεν.
1050 1212 1123 1277 Non
1139 1211 1213 1275 alibi

111 1329 192 1392 mihi
217 1329 330 1394 lectum
356 1336 402 1392 est
426 1327 462 1392 ἄν
486 1330 622 1413 proxime
646 1338 716 1414 post
739 1327 781 1394 ἔτι
805 1327 999 1414 (particulam
1018 1324 1212 1405 obiectivam)

112 1442 254 1524 positum
261 1467 270 1517 ;
304 1447 335 1503 ct
365 1438 407 1504 ὅτι
440 1441 543 1504 minus
574 1439 668 1504 habet
699 1439 842 1525 ponderis
874 1461 966 1524 quam
994 1445 1031 1499 ut
1053 1434 1090 1499 da
1120 1433 1158 1497 ad
1182 1457 1214 1496 se
1289 1436 1290 1440 ’

112 1551 240 1614 trahere
264 1551 369 1636 possit.
418 1549 560 1614 Fortasse
583 1549 625 1615 ὅτι
649 1549 724 1631 τάχ’
748 1548 794 1615 ἄν.

160 1660 239 1724 Rem
264 1660 420 1745 publicam
444 1660 626 1745 proderent,
651 1661 754 1746 inquit
778 1682 886 1745 porro,
909 1667 939 1722 et
956 1659 1109 1744 privatum
1125 1678 1215 1741 quae·

115 1778 221 1834 rerent
253 1770 494 1834 emolumentum
525 1771 571 1834 δαὶ
606 1771 638 1835 τὸ
669 1772 710 1848 μὴ
742 1773 794 1845 τὴν
825 1772 907 1834 πόλιν
935 1770 1020 1832 ἄλλα
1042 1769 1094 1834 τῖον
1117 1767 1216 1832 οὐσίαν

115 1882 248 1962 πατρῶν
275 1882 388 1952 ἑαυτοῖς
413 1882 557 1959 ἡγεῖσθαι.
603 1883 724 1959 Patria,
751 1882 878 1966 opinor,
905 1888 951 1943 est
973 1885 1074 1963 rapio,
1099 1879 1217 1959 inqua

116 1992 186 2074 quis
220 2002 310 2055 natus
343 2001 406 2069 cst;
440 2015 523 2057 nunc
550 2016 622 2078 opes
646 1994 793 2057 dicuntur
816 1993 877 2056 illis
903 1993 1001 2077 patria
1026 2013 1099 2055 esse.
1147 1988 1215 2052 Hoc

115 2102 277 2181 κακόζηλον
311 2111 375 2181 est,
407 2111 442 2166 ut
473 2103 556 2187 quod
579 2104 720 2166 maxime.
768 2103 870 2166 Possis
895 2102 1002 2166 eodem
1025 2102 1091 2164 iure
1115 2101 1215 2163 dicere

117 2211 250 2295 patriam
275 2235 339 2276 esse
364 2212 457 2277 alicui
480 2215 645 2296 pretiosam
668 2214 906 2298 supellectilem,
923 2213 1054 2288 liberos,
1072 2233 1214 2304 uxorem,

117 2344 323 2407 quaecunque
353 2331 494 2387 amentur
501 2349 511 2401 3
536 2345 607 2386 nam
630 2323 709 2387 illud
733 2325 797 2387 sine
822 2347 883 2408 quo
907 2324 1006 2408 patria
1029 2322 1128 2407 patria
1151 2343 1213 2384 non

118 2439 183 2507 est,
209 2433 242 2495 in
267 2431 323 2495 hac
346 2434 572 2518 comparatione
595 2434 787 2518 neglegitnr3
811 2435 890 2497 nihil
914 2433 1013 2497 simile
1038 2440 1101 2510 est,
1120 2454 1212 2516 quam

117 2542 275 2618 studium,
300 2565 361 2627 quo
385 2551 515 2607 amatur.
563 2544 670 2608 Minus
695 2545 752 2609 hoc
776 2545 943 2609 offenderet
970 2546 1003 2608 in
1027 2553 1134 2629 poeta,
1158 2543 1212 2627 qni

116 2652 287 2717 audacibus
320 2654 505 2738 metaphoris
540 2640 727 2732 delectatur,
759 2656 811 2741 sed
843 2656 876 2720 in
904 2654 1009 2719 sedato
1033 2662 1064 2719 et
1088 2655 1213 2718 remisso

116 2784 258 2826 sermone
296 2764 424 2827 oratoris
463 2764 606 2849 putidum
646 2774 701 2829 est.
750 2765 839 2842 Fuit,
874 2788 969 2850 quum
1002 2765 1124 2849 Lysiam
1157 2764 1214 2827 hac

117 2872 260 2938 affectata
291 2874 441 2958 elegantia
472 2874 601 2940 liberare
625 2898 766 2953 conarer,
792 2876 964 2961 suspicatus
988 2876 1020 2939 in
1042 2878 1094 2949 rhu
1117 2875 1214 2939 οὐσίαν

117 2981 212 3048 latere
236 2985 288 3059 τὴν
310 2991 478 3068 τυχοῦσαν,
504 2987 658 3051 antehoc
682 2996 785 3051 autem
810 2986 958 3051 excidisse
980 2995 1037 3064 γῆν
1059 2988 1121 3060 τὴν.
1155 2984 1214 3048 sed

117 3091 240 3157 trustra.
285 3092 356 3158 Non
382 3094 538 3159 dissimilis
563 3096 644 3160 enim
668 3096 778 3160 coloris
803 3095 955 3181 estquod
979 3096 1043 3174 περὶ
1070 3095 1212 3159 αδονατον

117 3205 183 3288 (24)
212 3205 327 3289 legitur
355 3208 372 3290 b
405 3208 461 3269 ld:
490 3207 503 3269 ὁ
526 3207 580 3283 μὲν
603 3207 663 3287 pap
686 3204 780 3286 ὥσπερ
803 3208 955 3284 ἐπικλήρου
978 3215 1030 3280 τῆς
1058 3208 1212 3286 συμφοραῖς

2 3370 4 3407 J
41 3345 45 3357 =
117 3317 203 3392 οὔσης
235 3318 470 3400 οὶκφιςβυτήοων
501 3317 576 3394 ἥκοι,
609 3320 692 3402 quod
721 3320 778 3383 etsi
812 3318 927 3382 lenitur
955 3319 984 3381 si
1007 3340 1074 3381 mea
1098 3318 1215 3381 coniec-

117 3432 187 3491 tura
220 3430 266 3512 (ὡς
298 3428 360 3507 περὶ
394 3431 440 3494 ἐπ.
465 3436 518 3502 τῆς
542 3433 709 3514 συμφορᾶς)
732 3452 803 3494 vera
826 3437 889 3506 est,
914 3437 1017 3493 tamen
1041 3427 1115 3491 satis
1139 3428 1215 3491 mire

118 3537 248 3602 claudus
272 3561 325 3623 pes
348 3561 419 3603 cum
442 3540 505 3604 fidia
520 3540 721 3605 haereditaria
737 3541 940 3625 componitur.
973 3539 1011 3602 In
1027 3537 1210 3623 Epitaphio,

118 3668 208 3730 quem
241 3657 315 3712 sunt
347 3651 401 3732 qui
423 3649 533 3735 Lysiae
558 3649 733 3715 adscribant
757 3651 806 3733 (cf.
831 3649 860 3713 le
883 3649 985 3727 Bcau,
1010 3648 1118 3733 Lysias
1142 3648 1214 3733 Epi·

119 3759 240 3842 taphios
273 3759 317 3822 als
349 3760 419 3824 echt
450 3761 610 3838 eruissen,
640 3760 812 3845 stuttgart,
841 3762 937 3844 1863)
960 3762 977 3845 6
1001 3761 1041 3821 66
1066 3759 1213 3843 leguntur

119 3867 210 3933 haec:
236 3867 314 3944 ἄξιον
337 3871 365 3934 δὲ
387 3871 437 3935 καὶ
461 3873 526 3943 τοὺς
549 3870 643 3946 ξένους
667 3875 733 3943 τοὺς
756 3872 853 3937 {atride
876 3872 1021 3948 κειμένους
1042 3870 1208 3951 ἐπαινέται,

118 3975 143 4041 οἳ
168 3983 209 4062 τῷ
233 3981 334 4054 πλήθει
356 3981 552 4057 βοηθήσαντες
575 3982 709 4061 καὶπερὶ
732 3992 785 4057 τῆς
802 3983 945 4063 ἡμετέρας
961 3983 1101 4063 σατνρνάς
1113 3981 1213 4061 nayd-
1298 4060 1302 4065 ι

118 4114 214 4166 μενοι,
239 4092 399 4171 πατρίδα
421 4094 484 4166 τὴν
506 4094 636 4171 αἱρετὴν
661 4094 905 4177 ἡγησάμενοι,
930 4094 1065 4179 τοιαύτην
1084 4094 1212 4169 τοῦβίον

36 4231 39 4236 ·
117 4205 256 4277 τελευτὴν
275 4205 444 4278 ἐποιήσαντο
467 4206 488 4267 i.
513 4227 539 4267 e.
564 4227 619 4289 pro
645 4204 801 4289 patriciis
825 4205 923 4268 virtus
947 4205 1024 4279 fuit3
1043 4203 1127 4289 quod
1143 4204 1211 4269 aliis

120 4315 234 4394 patriae
258 4317 357 4394 salus,
381 4317 414 4379 id
437 4317 497 4380 illis
522 4317 619 4380 virtus
644 4316 875 4401 praescribebat.
919 4315 984 4379 Ista
1008 4316 1061 4400 qui
1085 4316 1208 4399 scripsit

120 4427 279 4492 manifesto
312 4437 452 4494 nostrum
481 4431 584 4495 locum
607 4439 753 4514 tanquam
776 4432 942 4512 Lyciorum
965 4427 1004 4492 ob
1029 4428 1134 4491 oculos
1158 4428 1210 4493 ha·
