2994 5234
669 411 732 471 211

149 612 183 674 in
212 615 322 672 senatu
352 607 552 693 disceptatam
576 606 693 682 luisse,
720 606 802 689 quod
827 630 923 693 quum
946 609 1031 673 fieret
1053 610 1086 672 in
1109 611 1248 686 εῐςαννε-

149 726 228 791 λέανς
252 718 369 801 (Meier.
396 724 426 780 et
450 715 590 780 Schoem.
616 715 654 778 de
677 715 748 779 Lite
772 717 838 779 Att.
862 740 892 801 p.
919 719 1013 803 265),
1031 718 1249 803 huncquoque

150 830 303 893 actionem
334 827 527 904 εἰςαννελέαν
557 826 653 889 tuisse
683 826 865 910 putaverim.
910 826 1020 911 Neque
1044 828 1126 892 enim
1149 827 1251 911 agitur

151 938 333 1022 simpliciter
356 936 394 999 de
417 935 588 999 rationibus
612 956 673 997 non
697 933 826 998 redditis
850 937 966 1017 (γραφὴ
989 938 1141 1020 napta),
1166 935 1250 1018 quod

151 1048 245 1132 vulgo
269 1048 452 1130 interpretes
476 1051 637 1122 statuunt,
662 1043 715 1106 sed
739 1042 777 1107 de
800 1051 950 1128 potestate
966 1052 1072 1109 contra
1086 1046 1169 1133 leges
1185 1069 1252 1130 pro-

122 1196 125 1199 ·
152 1163 271 1234 tracta,
295 1155 333 1219 de
356 1155 555 1238 magistratus
580 1151 762 1216 auctoritate
785 1159 898 1218 temere
922 1162 1074 1238 arrogata3
1098 1155 1180 1238 quod
1197 1155 1254 1217 cri-

153 1289 223 1331 men
248 1267 322 1330 satis
346 1271 394 1328 est
416 1286 562 1348 magnum
586 1270 616 1326 et
639 1285 760 1341 rarum,
784 1271 820 1327 ut
842 1265 1004 1347 peculiaris
1028 1264 1252 1329 illa'accusatio

64 1453 65 1457 Ἰ
154 1376 192 1440 de
211 1398 247 1441 eo
267 1376 457 1439 instituatur.
486 1373 702 1457 Inscriptionis
725 1375 842 1438 εὐθυνῶν
866 1376 1029 1455 κατηγορίαι
1052 1376 1170 1439 nullam
1186 1396 1252 1438 esse

152 1486 371 1548 auctoritatem
393 1505 500 1547 omnes
524 1489 668 1547 statuunt
691 1484 884 1568 interpretes.

197 1595 246 1658 De
271 1600 452 1678 argumento
476 1593 624 1657 orationis
648 1600 679 1657 et
703 1593 904 1678 dispositione
927 1600 998 1677 post
1020 1615 1074 1670 ea,
1100 1615 1178 1678 quae
1202 1592 1255 1655 alii
1369 1658 1371 1661 ,

154 1707 216 1769 iam
239 1711 427 1768 monuerunt
450 1703 574 1787 (Bergk.
584 1751 594 1780 ,
619 1702 765 1788 Weyers,
790 1704 968 1788 Hamaker.)
978 1753 988 1782 ,
1013 1725 1076 1768 non
1100 1709 1146 1766 est
1170 1701 1254 1784 qnod

157 1816 258 1879 lusius
281 1798 343 1876 iam
367 1834 526 1896 exponam.
565 1810 676 1895 Itaque
700 1811 783 1876 diota
801 1813 963 1877 sufficiant.
1000 1812 1060 1876 Sed
1076 1813 1113 1875 de
1130 1818 1254 1875 auctore

157 1922 377 2008 quaerendum.
419 1920 643 2004 Harpocration
667 1944 695 1984 v.
720 1921 845 1998 ἕτνβολνέ
869 1960 913 1973 -
936 1925 1019 2003 ταροὶ
1042 1923 1140 2003 Λυσία
1163 1923 1191 1984 έν
1214 1923 1255 2002 τῷ

156 2034 239 2098 κατὰ
261 2030 483 2111 Νοκομαχῶον,
508 2030 532 2093 εἷ
555 2031 672 2107 γνήσιος
695 2031 709 2094 ὃ
731 2032 829 2107 λόγος.
862 2032 926 2096 Ubi
941 2034 1019 2117 quin
1033 2040 1139 2095 nostra
1156 2032 1254 2094 oratio

157 2141 367 2227 significetur,
391 2139 511 2203 collatis
534 2140 567 2224 §t
590 2142 608 2202 3
635 2147 665 2203 et
692 2143 730 2202 ll
757 2140 888 2204 dubium
908 2163 1055 2205 essenon
1076 2147 1187 2225 potest.
1215 2140 1256 2203 Et

157 2252 261 2337 ipsum
285 2249 410 2334 quidem
433 2248 688 2334 Harpocrationis
710 2248 861 2313 iudicium
884 2272 946 2315 non
968 2250 1186 2334 magnifacio,
1203 2250 1256 2314 sed

159 2368 234 2425 sunt
257 2362 289 2423 in
314 2359 465 2437 oratione,
490 2381 569 2442 quae
592 2359 721 2442 speciem
739 2359 874 2445 aliquam
890 2359 963 2422 huic
980 2358 1168 2424 dubitationi
1185 2382 1255 2423 con-

160 2471 276 2535 cilient.
323 2469 373 2532 Ita
402 2475 521 2553 praeter
552 2490 586 2531 ea
617 2490 696 2551 quae
726 2470 887 2533 manifesto
922 2491 1015 2554 supra
1037 2492 1141 2533 verum
1168 2476 1258 2533 aucta

159 2582 223 2644 iam
248 2578 387 2656 ostendi,
419 2600 496 2662 quae
523 2586 627 2642 tamen
651 2601 687 2642 ex
711 2579 877 2644 accusandi
900 2579 1003 2643 studio
1027 2580 1260 2664 explicationem

163 2689 298 2765 habent,
334 2710 417 2750 error
446 2686 688 2770 deprehenditur
719 2688 750 2751 in
775 2689 951 2753 nominibus
974 2689 1102 2773 triginta
1124 2689 1258 2753 virorum

162 2801 178 2883 p
204 2800 263 2861 12:
298 2797 428 2876 Σοέτνρος
461 2795 511 2860 καὶ
542 2803 682 2878 Κλεοφῶν
713 2798 737 2861 οἱ
767 2805 824 2862 τῶν
855 2797 1010 2878 τρνοέκοντα
1033 2798 1179 2875 γενόμενος
1202 2800 1260 2877 οὐχ

163 2909 233 2988 ὑπὲρ
262 2907 339 2983 ὑμῶν
362 2904 534 2986 ὀργιζόμενοι
558 2910 748 2988 Κλεοφῶντος
770 2908 965 2987 κατηγόρουν,
990 2929 1052 2991 quo
1076 2907 1143 2970 loco
1167 2907 1260 2970 hodie

163 3024 246 3081 recte
277 3038 332 3100 pro
362 3020 501 3096 Κλεοφῶν
531 3014 737 3078 substitutum
767 3023 814 3079 est
844 3017 960 3097 Χρέμων
993 3016 1062 3080 coll.
1086 3018 1103 3100 b
1128 3017 1187 3079 14:
1213 3016 1261 3081 καὶ

164 3127 276 3200 ταύτην
306 3126 359 3199 τὴν
389 3124 499 3202 βουλὴν
530 3106 707 3205 οννδικοέζένν
733 3124 863 3200 ε’τοέντεν
886 3128 915 3189 ἐν
939 3122 957 3207 ᾖ
979 3124 1109 3205 Σοέτνρος
1134 3125 1187 3202 μὲν
1211 3126 1262 3190 καὶ

168 3233 285 3314 Χρέμων
307 3233 448 3311 μέγιστον
470 3226 614 3299 ἐδύναντο.
661 3234 693 3298 Is
718 3241 821 3298 autem
845 3234 904 3298 luit
926 3233 958 3297 in
983 3235 1111 3318 triginta
1127 3234 1201 3298 viris
1219 3258 1263 3298 se-

165 3343 303 3407 cundum
327 3340 407 3405 Xen.
432 3341 515 3405 Hell.
539 3340 584 3404 ΙΙ.
610 3344 640 3407 3.
671 3345 698 3406 l.
746 3341 819 3406 Non
843 3341 979 3425 Satyrus.
1027 3342 1074 3406 De
1099 3365 1135 3407 eo
1159 3351 1263 3407 tamen

166 3454 199 3515 in
234 3452 290 3515 hac
326 3450 410 3514 brevi
441 3451 728 3514 commemoratione
758 3452 861 3536 potuit
890 3474 988 3515 errare
1020 3460 1145 3530 auctor,
1178 3453 1262 3536 quod

166 3562 294 3649 Satyrus
318 3567 348 3623 et
371 3559 410 3622 ad
433 3558 656 3623 undecimviros
681 3560 738 3624 sub
762 3561 889 3646 triginta
913 3561 1063 3646 pertinuit
1087 3568 1118 3625 et
1138 3568 1262 3626 strenue

167 3693 273 3735 eorum
304 3669 431 3733 consilia
460 3668 596 3747 adiuvit,
622 3692 716 3754 quare
740 3694 757 3734 a
780 3670 986 3754 Xenophonte
1009 3671 1187 3751 θρασύτατος
1210 3671 1260 3736 καὶ

168 3780 376 3851 ἀναιδέστατος
400 3779 587 3864 appellatur,
612 3779 695 3844 Hell.
716 3780 760 3845 ΙΙ.
783 3784 813 3844 3.
834 3783 885 3843 54.
932 3779 1034 3845 Etiam
1057 3780 1140 3844 credi
1162 3788 1266 3866 posset

168 3890 200 3952 in
224 3889 326 3952 locum
349 3889 546 3953 Theramenis
569 3889 756 3954 substitutus
780 3891 840 3954 nisi
863 3889 956 3954 Diod.
981 3888 1070 3953 XIV.
1096 3893 1138 3953 32
1165 3890 1264 3954 trade·

169 4004 215 4061 ret
238 4005 344 4082 postea
367 4005 469 4061 actum
493 3999 604 4075 fuisse,
630 4006 676 4062 ut·
688 3999 898 4084 Thrasybulus
915 4009 970 4085 pro
986 3999 1175 4064 Theramene
1193 3978 1264 4064 sub-

169 4108 357 4171 stitueretur.
405 4107 446 4170 nt
475 4108 509 4170 in
540 4115 675 4172 extremo
707 4109 860 4193 periculo,
892 4109 924 4172 in
948 4131 1009 4194 quo
1028 4109 1156 4192 triginta
1179 4118 1266 4173 erant

171 4218 266 4281 caesis
290 4216 388 4280 Critia
411 4224 441 4280 et
465 4216 678 4301 Hippomacho
703 4219 797 4302 (Hell.
822 4218 866 4282 II.
891 4221 921 4282 h.
943 4198 1013 4304 19),
1037 4240 1198 4284 numerum
1221 4227 1265 4304 ty-

170 4348 336 4390 rannorum
368 4326 545 4410 suppletum
575 4350 640 4390 esse
671 4350 732 4392 non
764 4328 920 4414 probabile
944 4336 999 4393 est.
1047 4329 1163 4392 Contra
1186 4351 1264 4411 quae

1087 4441 1144 4502 14*
