2994 5234
665 443 727 502 183

139 641 247 706 τούτου
269 638 495 704 ἐκπεπτωκότων
518 638 679 715 ἐτόλμησεν
702 638 793 702 ἐλθεῖν
808 639 845 708 ὡς
860 637 987 709 τούτους.
1027 640 1077 700 la.
1097 640 1156 700 84:
1175 645 1236 702 παν

137 749 163 812 δ’
187 750 226 813 ἄν
258 773 307 826 μοι
337 749 415 812 δοκεῖ
443 756 591 824 τολμῆσαι
618 747 696 818 θστις
723 783 768 794 -
798 745 855 809 νυνὶ
887 745 946 821 θκει
977 746 1235 823 ἀπολογησόμενος

138 861 211 938 πρὸς
242 860 348 929 αὐτοὺς
379 858 446 929 τοὺς
469 858 619 937 μοθρτυοας
643 864 695 929 τῆς
718 856 819 921 τούτου
843 854 995 936 πονηρίας,
1018 876 1108 938 quem
1132 855 1236 921 locum

137 968 216 1031 olim
249 968 365 1031 frustra
396 966 578 1043 sollicitavi;
611 988 681 1029 nam
705 963 907 1028 haecomnia
930 985 1001 1026 cum
1025 963 1148 1026 Dobreo
1173 987 1235 1028 cor·

136 1077 242 1160 rigere
266 1076 462 1140 temerarium
487 1076 627 1151 videtur,
652 1097 686 1137 ao
710 1074 735 1136 si
761 1072 836 1158 quid
860 1072 931 1135 duri
953 1073 987 1135 in
1010 1072 1064 1135 illo
1088 1095 1146 1136 usu
1170 1081 1232 1151 est,

133 1185 258 1248 lenitur
289 1184 347 1246 hoe
378 1183 446 1248 loco
478 1184 671 1267 oppositione
704 1205 774 1245 cum
805 1181 971 1265 praemisso
995 1181 1028 1245 δι’
1048 1182 1167 1260 ἑτέρους.
1188 1221 1234 1232 -

134 1292 320 1356 Subiectum
346 1295 424 1371 ὑμᾶς
448 1294 553 1357 abesse
576 1315 639 1356 non
662 1299 763 1376 potest
780 1299 905 1376 propter
922 1290 1050 1363 ἐκείνους.
1088 1291 1233 1355 Ceterum

133 1400 245 1465 Reisk.
280 1403 412 1466 coniecit
439 1424 493 1486 pro
525 1404 622 1467 ἔνεικε
647 1400 907 1475 ἕτκκυγοὶσεσθαι,
932 1400 1015 1483 quod
1038 1401 1154 1464 refutat
1171 1403 1232 1465 Do-

133 1510 230 1574 breus
242 1535 251 1586 ;
276 1509 431 1595 Sauppius
456 1511 663 1591 ὑποδύσεσθαι,
688 1509 773 1593 quod
797 1509 890 1572 etiam
905 1516 976 1592 post
991 1508 1231 1575 Rauchensteini

134 1619 377 1704 explicationem
401 1642 464 1683 non
488 1620 562 1682 satis
585 1618 783 1703 perspicuum
807 1624 884 1700 puto
891 1644 900 1695 3
921 1616 1162 1681 Herwerdenus:
1181 1643 1230 1683 κα

132 1729 337 1808 τακύσεσθαι,
369 1727 451 1812 quod
482 1729 653 1793 secuudum
682 1751 718 1792 ea
749 1750 828 1812 quae
859 1750 951 1811 supra
975 1727 1013 1791 de
1037 1720 1230 1812 oppositione

133 1859 211 1901 cum
241 1836 369 1916 μεῖζον
396 1838 532 1901 δύνασθαι
556 1837 635 1914 dixi,
661 1837 737 1900 mihi
761 1858 823 1899 non
848 1835 1005 1921 probabile
1029 1836 1161 1900 videtur.
1185 1875 1230 1887 —

133 1944 227 2025 Quae
259 1955 431 2029 sequuntur
461 1969 524 2009 non
556 1947 659 2010 minus
692 1954 835 2030 corrupta
869 1955 943 2009 sunt
973 1946 1047 2010 dors
1079 1948 1118 2011 τὸ
1141 1948 1230 2013 αὐτὸ

132 2056 276 2125 παντες
299 2056 429 2133 ἐμποδών
452 2058 538 2133 εἰσιν,
562 2058 612 2122 ἑθν
635 2082 664 2121 τι
687 2057 721 2120 δι’
741 2057 840 2121 ἄλλων
859 2057 971 2132 οὶναθθν
991 2058 1058 2132 ὑμῖν
1074 2058 1227 2138 calama.

133 2164 318 2227 Sententiae
350 2165 499 2228 satisfacit
529 2164 659 2249 Kayseri
682 2169 761 2231 τοῦτ’
788 2167 860 2231 αὐτὸ
883 2166 1038 2237 δείσαντες.
1087 2165 1230 2229 Conloce-

131 2295 203 2337 ram
235 2279 483 2354 συκοφαντοῦντες
515 2296 571 2358 pro
599 2298 799 2357 auresaures,
830 2275 941 2338 omisso
964 2275 1014 2352 τθ,
1041 2274 1124 2356 quod
1147 2282 1228 2338 certe

132 2384 266 2467 propius
290 2382 329 2445 ad
351 2383 501 2447 librorum
524 2385 688 2448 lectionem
712 2385 839 2448 accedit.

177 2494 273 2576 §35.
320 2490 359 2553 In
389 2493 450 2555 fine
477 2514 540 2556 nou
571 2494 669 2556 multa
696 2492 800 2558 deesse
825 2494 985 2571 videntur,
1010 2516 1081 2576 nam
1105 2501 1225 2576 praeter

129 2605 215 2666 hanc
238 2602 440 2691 sententiam:
463 2603 576 2679 „nobis
600 2604 680 2667 hane
695 2604 916 2687 rempublicam
931 2605 1060 2668 invisam
1076 2605 1223 2681 feceritis,

129 2721 267 2777 vestram
290 2711 349 2793 ipsi
372 2712 586 2775 imminueritis
610 2712 830 2795 potestatem,'’
854 2712 933 2776 nihil
956 2713 1018 2776 fere
1042 2712 1125 2795 quod
1149 2712 1226 2775 desi-

129 2820 235 2884 derari
266 2820 363 2903 possit
394 2843 551 2905 superesse
582 2822 713 2885 videtur.
761 2823 799 2885 lu
830 2823 885 2885 ὑτο
898 2871 906 2885 .
921 2872 950 2887 ..
982 2822 1058 2886 latet
1085 2823 1223 2900 ὑποψίαν.

128 2930 234 2994 Scribi
263 2931 365 3013 potuit
393 2952 419 2992 e.
448 2953 495 3013 g.:
532 2934 611 3007 ἡμεῖς
646 2933 686 3002 εἰς
712 2931 856 3015 ὑτο[ψθαν
879 2934 1085 3006 καταστήσετε
1109 2933 1180 3007 ὑμῖν
1199 2933 1223 2994 δ’

127 3039 282 3118 αἴσχιστα
303 3038 510 3113 βουλεύσεσθε·
535 3039 585 3102 sav
608 3039 638 3102 δὲ
659 3039 821 3113 τοὶναντθα,
845 3040 1003 3117 βοηθήσετε
1028 3039 1158 3109 καὶτοῖς
1182 3041 1248 3104 νά·-

127 3173 195 3227 αοις
225 3155 284 3218 τοῖς
313 3144 449 3222 κειμένοις
472 3145 522 3209 καὶ
544 3153 604 3218 τοῖς
628 3146 732 3230 ὅρκοις,
756 3144 796 3220 οἷς
818 3150 1020 3232 θμυμθκατε.]
1058 3147 1105 3211 Cf.
1129 3148 1220 3211 finem

127 3280 174 3321 or.
204 3259 244 3319 10
270 3263 301 3319 et
327 3257 378 3316 13.

174 3365 285 3449 Capita
308 3363 511 3426 accusationis
534 3363 568 3425 in
592 3363 728 3426 oratioue
749 3385 812 3426 uon
828 3363 939 3427 diserte
954 3364 1148 3441 indicantur,
1165 3389 1222 3430 uec

128 3476 168 3538 de
192 3496 245 3537 reo
268 3472 439 3558 quidquam
462 3478 604 3555 apparet,
629 3472 688 3535 nisi
711 3472 805 3536 fuisse
829 3474 923 3536 civem
943 3474 1075 3551 bouum,
1094 3476 1147 3558 qui
1163 3477 1221 3541 sub

128 3584 261 3667 triginta
291 3581 363 3644 viris
386 3580 494 3643 urbem
517 3603 579 3643 non
603 3580 795 3664 reliquisset,
820 3603 920 3663 neque
943 3582 1028 3645 aliud
1052 3584 1221 3667 quidquam

129 3694 159 3757 ei
183 3692 339 3756 obiectum
362 3692 457 3754 fuisse
481 3690 620 3767 videtur,
646 3713 737 3774 quam
761 3691 844 3775 quod
867 3714 930 3755 nou
953 3694 1063 3758 fuisset
1086 3716 1153 3758 acer
1169 3718 1221 3778 po·
1316 3749 1323 3755 „

129 3801 248 3888 pularis
278 3801 435 3885 regiminis
459 3809 687 3884 propugnator,
711 3802 867 3865 nullarum
890 3803 993 3886 potius
1017 3804 1151 3887 partium
1174 3805 1221 3867 vir

130 3933 223 3994 quam
255 3909 395 3974 turbator
426 3910 568 3973 civitatis.
616 3909 726 3993 ltaque
758 3913 956 3996 conqueritur
979 3913 1017 3977 de
1040 3914 1220 3977 accusatori-

130 4019 207 4096 bus,
239 4019 294 4101 qui
326 4018 456 4102 speciem
488 4018 639 4082 libertatis
664 4019 870 4084 defendendae
894 4025 1158 4104 praeseferant,
1183 4030 1220 4085 nt

130 4129 304 4192 insontibus
333 4150 465 4211 quorum
496 4129 583 4192 bonis
612 4128 781 4206 ditescant,
807 4133 1030 4195 accusationem
1053 4132 1216 4196 intentent.

132 4236 237 4315 Quum
266 4245 387 4313 tamen,
420 4237 503 4319 quod
534 4238 566 4300 in
597 4237 672 4300 urbe
695 4238 890 4301 remansisset
913 4239 971 4302 sub
995 4241 1123 4324 triginta
1146 4240 1218 4302 viris

134 4346 184 4408 vix
205 4347 286 4411 iusta
309 4347 462 4410 accusatio
486 4346 547 4410 dici
571 4347 685 4431 possit,
711 4355 798 4411 acute
823 4348 954 4412 coniecit
980 4348 1216 4412 Rauohsnstein.
