2958 5238
831 436 891 497 144

319 655 417 697 crasso
444 633 496 696 filo
525 633 722 717 compositam
746 633 902 711 existimo,
927 642 963 697 ut
984 636 1278 712 „contemnendam”
1301 636 1387 700 dicere

319 745 455 809 audeam.
503 744 604 808 Multa
635 745 715 808 enim
747 743 853 807 insunt
883 745 915 807 in
946 766 980 808 ea
1006 754 1067 809 tam
1091 747 1206 811 insulsa
1228 755 1258 810 et
1280 748 1387 832 inepta,

318 868 354 921 ut
377 880 470 941 quare
496 857 558 920 sint
580 855 779 941 improbanda
800 877 862 919 non
885 856 977 940 longa
1001 856 1258 925 demonstratione
1280 860 1407 944 egeant

302 968 368 1057 'sic
392 968 495 1033 statim
733 956 735 959 ⁵

362 1083 379 1166 t
405 1084 433 1146 l.
480 1079 513 1145 ού
527 1103 574 1157 μοι
599 1078 675 1144 δοκεῖ
694 1087 798 1159 χρῆναι
819 1078 976 1160 ὀργίζεσθαι
994 1080 1071 1158 ὑμᾶς
1090 1083 1131 1162 τῷ
1150 1083 1267 1160 όνόματι
1287 1085 1326 1163 τῷ
1343 1081 1390 1147 τόν

317 1194 518 1274 τετρακοσίων,
543 1192 627 1255 ἀλλα
649 1198 707 1260 τοῖς
731 1190 821 1268 ἔργοιο
844 1191 949 1255 ἐνίων.
986 1189 1146 1255 Claudioat
1169 1193 1201 1256 in
1220 1192 1268 1256 his
1284 1192 1390 1278 opposi·
1463 1252 1464 1255 ,

317 1306 360 1369 tio
369 1330 377 1382 ;
398 1303 534 1387 requiras
553 1301 636 1365 σίλλόο
655 1305 770 1377 ,αόιλλον
788 1308 847 1372 τοῖς
864 1301 969 1384 ἔργοις,
989 1302 1036 1366 vel
1053 1304 1242 1383 τετρακοσίων
1253 1304 1388 1369 νίποίντον.

362 1417 400 1481 Οἱ
423 1415 475 1494 μὲν
499 1414 557 1492 γὰρ
580 1412 840 1490 ἐπιβουλεύσαντες
865 1409 937 1488 ἦσαν
957 1416 1052 1479 αὐτῶν
1070 1437 1125 1499 pro
1145 1415 1386 1493 ἐπιβουλεύσοντες
1463 1410 1465 1419 ’

318 1527 384 1604 ύμῖν
405 1527 603 1606 συνέστασαν,
627 1531 681 1587 aut
704 1524 785 1600 ε’πιβ.
809 1524 876 1601 ὑμῖν
900 1525 1013 1603 πύλαι,
1037 1527 1061 1589 οἱ
1085 1526 1109 1589 δ’
1132 1550 1160 1593 α,
1184 1553 1212 1591 τ.
1236 1530 1259 1595 ἕ.

360 1641 429 1723 Μ.
476 1642 666 1717 κατηγοροῦσι
696 1634 720 1699 δ’
750 1638 840 1701 αὐτοῦ
869 1639 905 1708 ὡς
930 1639 979 1701 ούκ
1002 1636 1095 1711 εὔνους
1119 1635 1151 1710 ἦν
1173 1641 1214 1719 τῷ
1236 1640 1335 1713 πλήθει
1355 1636 1387 1714 τῷ

317 1748 458 1830 ὑμετέρῳ,
479 1747 596 1827 αἱρεθείς
617 1746 670 1810 ὑπὸ
689 1751 742 1810 τῶν
763 1752 913 1829 φυλετῶν,
934 1744 960 1811 οἳ
977 1746 1083 1829 ύριστα
1094 1751 1235 1827 διαγνοῖεν
1246 1749 1283 1814 όον
1295 1773 1321 1813 ιι.
1333 1772 1358 1811 τ.
1368 1748 1387 1810 ἑ.

277 1922 281 1928 .
316 1862 347 1945 (i.
372 1884 398 1924 e.
426 1858 502 1937 „sed
526 1858 639 1922 electus
663 1867 708 1922 est
732 1881 749 1921 a
772 1857 955 1936 tribulibus,
980 1861 1033 1944 qui
1056 1861 1170 1945 optime
1193 1857 1387 1942 novissent'),

316 1994 371 2058 pro
394 1971 474 2054 ᾑρέθη
498 1971 603 2050 μέντοι.

357 2086 374 2168 ᾧ
397 2087 426 2147 3.
474 2082 588 2161 πότερον
610 2083 646 2152 ὡς
670 2080 783 2156 ἡλικίαν
805 2105 832 2145 κ.
857 2105 885 2145 τ.
909 2081 932 2144 ἕ.
960 2088 1111 2165 corrupta.

359 2197 398 2266 εἰς
421 2199 476 2258 τῶν
500 2192 639 2272 ὑμετέρων
660 2191 725 2255 τινοί
749 2213 803 2275 pro
828 2192 867 2262 εἷς
890 2196 945 2255 τῶν
968 2193 1075 2256 παίδοιν
1098 2198 1152 2257 τῶν
1176 2194 1231 2271 ύμ.
1258 2191 1330 2257 τινό.

358 2304 435 2385 ὁρᾶτ’
456 2306 545 2368 αὐτοῦ
564 2304 616 2375 την
636 2303 764 2376 ἡλικίαν,
786 2299 802 2375 ἣ
821 2302 870 2364 καί
888 2303 953 2370 τοὺς
965 2300 1072 2375 ἄλλους
1084 2303 1179 2375 ἱκανός
1191 2307 1269 2367 ἐστιν
1280 2299 1388 2379 οίποτρὲ-

315 2442 378 2482 πειν
397 2417 504 2480 τούτων
524 2435 578 2498 pro
593 2413 626 2476 δι’
647 2408 678 2487 ἣν
698 2409 818 2495 (Cobet)
834 2407 915 2487 aut&
929 2412 1005 2496 [καὶ]
1019 2414 1084 2485 τοὺς
1096 2413 1204 2486 ἄλλους
1216 2416 1300 2487 ίαανύ
1313 2415 1387 2476 ἐστιν.

358 2529 427 2612 Μ.
474 2523 551 2596 όστις
582 2525 634 2598 μὲν
657 2521 702 2589 ούν
724 2522 828 2600 όίτηοος
851 2523 903 2598 ὤν,
926 2524 1013 2588 κακόν
1035 2550 1063 2589 τι
1087 2525 1283 2607 ἐργασόμενος
1306 2527 1333 2589 ἐν
1354 2523 1386 2600 τῷ

314 2638 431 2720 πρόσθεν
448 2638 556 2719 χρόνῳ,
574 2637 672 2716 ἑτέρας
693 2635 841 2706 πολιτείας
857 2636 1034 2713 ἐπεθύμησε,
1055 2637 1102 2701 δια
1121 2638 1162 2701 τόν
1177 2638 1294 2718 πρόσθεν
1306 2636 1387 2715 οὶραρ

313 2752 437 2828 πύματα
460 2749 549 2812 αὑτοῦ
571 2744 643 2810 ἕνεκ’
665 2746 702 2810 όον
724 2745 860 2822 ἔπραττε.
908 2744 995 2809 Bella
1018 2748 1183 2810 sententia:
1208 2745 1287 2818 όστις
1313 2741 1387 2810 κακόν

313 2887 340 2927 τι
364 2859 562 2939 ἐργασόμενος
584 2855 823 2932 -ἐπεθύμησε,
848 2855 894 2920 tat
912 2858 953 2921 τόν
973 2859 1089 2936 πρόσθεν
1108 2859 1316 2935 ἁμαρτήματα
1333 2858 1386 2920 ε’πε·

313 2975 432 3050 θύμησε.
479 2970 655 3056 Exspectari
683 2976 817 3053 poterat:
849 3006 894 3016 -
916 2968 1078 3045 ἐπεθύμησε
1090 3019 1099 3050 ,
1130 2969 1205 3033 οὐδὲν
1232 2963 1384 3046 θαυμαστόν

313 3084 444 3166 ἔπραξεν.
491 3082 588 3146 Paulo
617 3082 677 3145 iam
710 3079 817 3143 melior
847 3079 955 3142 fuisset
982 3079 1132 3143 sententia
1154 3080 1278 3142 remotis
1301 3073 1384 3140 verbis

313 3198 360 3262 θιόο
382 3199 422 3262 τόν
445 3195 561 3275 πρόσθεν
584 3194 798 3274 οίροαρτύματα.

357 3307 429 3372 ίίστε
458 3306 530 3384 μηδὲ
559 3304 665 3369 τούτων
694 3303 725 3386 (i.
750 3326 775 3366 e.
800 3307 854 3366 τῶν
878 3301 997 3384 παιθων)
1020 3298 1105 3365 ἕνεκα
1127 3301 1225 3381 ἑτέρας
1250 3297 1383 3365 πολιτείας

312 3421 486 3495 ἐπιθυμῆσαι
509 3417 566 3480 teat
588 3417 633 3480 τόν
656 3414 803 3493 πρόσθεν
826 3412 1087 3492 ἁμαρτήματα,
1127 3410 1235 3495 Inepta
1256 3416 1325 3473 sunt
1342 3426 1383 3491 po·

313 3538 424 3595 strema
447 3535 579 3613 quatuor
601 3524 758 3591 vocabula.

357 3642 374 3726 ᾧ
398 3642 426 3704 5.
462 3642 489 3705 ε’ν
509 3646 567 3710 τοῖς
588 3637 761 3718 προίγροασιν
780 3632 901 3704 ἐκείνοις.
933 3630 965 3695 Si
986 3633 1018 3696 in
1031 3632 1236 3716 superioribus
1250 3631 1381 3713 seriptum

312 3759 390 3817 esset
412 3753 447 3822 ὥς
470 3750 585 3820 πολλαὶς
608 3748 706 3827 οίρχίις
730 3741 809 3824 ἦρξεν
833 3743 887 3807 ε’πί
911 3748 974 3807 τῶν
998 3742 1228 3822 τετρακοσίων
1252 3739 1325 3805 nihil
1343 3735 1381 3798 de·

312 3864 483 3928 siderarem.
530 3860 623 3924 Nunc
654 3880 723 3922 vero
754 3859 782 3921 ἐν
813 3863 871 3926 τοῖς
902 3854 1075 3935 πράγμασιν
1099 3853 1209 3925 ἐκείνοις
1233 3854 1286 3937 (z
1307 3851 1380 3923 ἐντί

312 3976 379 4040 τότε
402 3975 545 4057 πολιτεία)
570 3971 699 4036 obscura
722 3976 803 4032 sunt.

356 4092 386 4152 ού
409 4087 468 4168 γαρ
490 4088 513 4150 οἱ
536 4088 633 4156 καλῶς
657 4079 795 4161 ίιρχοντες
819 4076 999 4157 notatam
1022 4077 1073 4150 την
1096 4075 1196 4156 πόλιν,
1220 4075 1289 4137 πόλλ’
1307 4070 1328 4132 οἱ
1344 4063 1378 4141 μθ

311 4198 434 4267 δικαίως·
469 4196 624 4274 „Verum3
658 4193 710 4256 sed
734 4192 803 4276 quis
826 4188 858 4252 id
882 4186 1060 4251 docendus?
1083 4190 1179 4258 καλῶς
1203 4208 1219 4247 e
1242 4178 1378 4266 superiore

311 4309 432 4387 „fiuxit
478 4307 607 4383 Sensus,
640 4308 693 4386 qui
721 4323 824 4385 σοορο,
856 4304 909 4382 qui
936 4300 1078 4376 multum,
1108 4300 1161 4378 qui
1186 4297 1246 4359 θύα
1290 4281 1377 4353 Possis

311 4419 507 4498 ,,τολλοίκις.”
552 4414 703 4481 Dobreus.
