2958 5238
612 470 673 530 113

108 670 247 749 „anobis
272 669 451 754 petivissent
474 675 509 731 ut
532 689 585 730 vos
609 667 910 732 condemnaremus'’
947 668 1007 732 Sed
1022 692 1085 733 non
1101 691 1182 733 error

108 790 148 845 est
174 780 367 845 librariorum
401 780 454 863 qui
485 778 587 842 locum
612 778 795 843 obscuravit.
842 779 947 844 Bonus
973 781 1102 866 scriptor
1124 780 1182 843 hoc

107 893 220 976 quidem
241 893 309 954 loco
333 913 388 975 pro
410 889 550 967 aoristis,
569 911 646 973 quos
664 912 739 953 usus
756 890 909 974 postulat,
927 914 989 955 nou
1004 899 1182 976 usurpasset

106 1003 269 1088 imperfecta
292 1005 507 1080 ἀγανακτεῖτε,
529 998 652 1083 ε’δὲοντο,
677 1001 763 1085 quasi
783 1024 830 1064 res
847 1002 1020 1067 etiamtum
1038 1002 1181 1079 instaret,

106 1114 190 1179 aede
211 1114 340 1184 εὐθύναις
363 1134 425 1176 nou
450 1112 488 1176 de
515 1111 671 1194 δοκιμασία
692 1119 832 1196 ageretur
849 1113 900 1195 (cl.
917 1112 1014 1176 Meier
1029 1120 1060 1176 et
1075 1112 1183 1177 Schoe-

22 1204 23 1207 ,
105 1247 201 1302 maun,
225 1248 254 1309 p.
281 1225 343 1286 222
369 1231 399 1286 11
424 1225 512 1307 205).
1130 1232 1134 1237 ’

143 1337 209 1421 db.
256 1335 287 1400 τί
314 1332 337 1399 δ’
369 1333 405 1399 ἀν
436 1333 551 1414 αἴσχιον
579 1333 636 1404 ἔθος
660 1331 676 1408 ἢ
700 1332 847 1413 δεινθτερον
870 1337 1001 1414 πράνμα
1024 1334 1124 1400 τούτου
1146 1344 1183 1416 τῇ

109 1448 182 1513 τίλει
211 1445 316 1526 γένοιτ’
326 1496 334 1523 ,
366 1448 389 1511 εί
411 1447 550 1524 τολμάδει
573 1446 586 1510 ὁ
609 1445 662 1523 μὲν
684 1444 784 1526 ἀρχων
808 1445 837 1509 ἐν
860 1452 926 1516 ταῖς
949 1451 1005 1510 τῶν
1028 1446 1184 1525 ἐπικλήρων

108 1558 188 1630 δίκαις
213 1557 378 1636 ἀντιβολεῖν
406 1558 455 1620 καί
479 1556 615 1622 ἱκετεύειν
640 1548 706 1628 τοὺς
730 1556 871 1627 θικοιστάς
894 1553 911 1621 θ
930 1580 958 1621 τι
981 1556 1016 1621 ἀν
1038 1555 1183 1634 βούληται

109 1671 281 1750 τραχθῆναι,
306 1669 319 1733 ὁ
342 1667 372 1730 bb
395 1666 585 1747 πολέμαρχος
607 1666 656 1731 καί
680 1667 705 1730 οἱ
728 1664 827 1731 ἕνδεκα
853 1666 1026 1750 [δεήσονται]
1050 1669 1078 1730 ε’ν
1103 1668 1183 1751 [ταῖς

109 1778 203 1864 δίκαις]
235 1785 302 1850 ταῖς
332 1776 385 1858 ὑφ’
408 1779 516 1841 ἑαυτῶν
537 1777 756 1854 είςανομὲναις,
783 1775 890 1860 [ὥσπερ
915 1777 963 1840 καὶ
987 1778 1065 1860 νῦν];
1096 1776 1183 1857 Quae

109 1892 187 1955 uncis
209 1889 320 1954 inclusi
344 1887 452 1953 melius
476 1887 604 1969 absunt,
629 1887 741 1972 quibus
765 1887 887 1959 omissis
910 1888 999 1951 initio
1014 1890 1185 1966 τολμήσειεν

109 2009 147 2064 111
169 2000 372 2066 scribendum.
419 1998 479 2061 Pro
503 1999 532 2063 ἐν
556 2005 622 2070 ταῖς
646 1997 851 2075 1111111μβάς.

146 2114 214 2197 td.
259 2114 317 2192 1111
347 2110 438 2174 τοίνυν
469 2109 517 2173 καί
546 2108 613 2188 ὑπὲρ
644 2109 721 2186 ὑμῶν
751 2111 844 2174 αὐτῶν
872 2112 924 2184 τὴν
957 2111 1047 2190 αὐτὴν
1068 2111 1186 2188 ννάμνν

109 2221 196 2302 ἔχειν,
227 2221 444 2299 ἐνθυμουμένους
467 2216 510 2284 θτι
533 2220 609 2283 οὐδὲν
633 2218 727 2284 διοίσει
751 2220 830 2298 ὑμάς
849 2220 905 2303 tata
925 2221 987 2300 περί
1007 2228 1059 2296 τῆς
1079 2224 1187 2307 ἀστρα-

19 2350 21 2355 ·
109 2333 314 2412 τείοιςβονρθεῖν
337 2335 353 2407 ἢ
376 2329 482 2396 τούτων
506 2331 586 2403 τινάς
610 2331 718 2396 δεῖσθαι
742 2332 849 2404 αὐτοὺς
868 2334 920 2407 τὴν
935 2340 1035 2415 ψῆφον
1047 2333 1184 2405 διδόντας.

20 2460 21 2463 ’
109 2442 257 2508 Sententia
279 2442 446 2527 requiritur
469 2440 560 2504 haee:
584 2442 684 2520 ,‚rati,
706 2443 785 2507 nihil
802 2443 939 2523 differre,
956 2452 1061 2509 utrum
1078 2453 1185 2529 sponte

111 2579 175 2634 „vos
205 2578 292 2642 opem
324 2554 428 2618 feratis
459 2553 600 2617 militiam
630 2553 888 2633 detrectantibus,
923 2579 961 2620 au
978 2557 1114 2642 functa
1137 2555 1185 2618 his

19 2684 23 2705 ³
113 2668 337 2743 „auctoritatem
369 2687 454 2729 suam
477 2666 763 2750 interponentibus,
790 2669 842 2753 qui
865 2669 924 2754 ipsi
948 2691 1000 2732 vos
1025 2669 1188 2732 1111111111-

117 2778 175 2861 „gia
205 2775 366 2842 mittunt.”
411 2775 567 2840 Postrema
590 2776 684 2859 igitur
709 2777 726 2852 ἢ
749 2778 856 2842 τούτων
879 2778 987 2842 δεῖσθαι
1010 2779 1120 2843 clarius
1146 2779 1189 2842 sic

116 2889 262 2953 extulisset
282 2889 298 2965 ἢ
319 2889 426 2953 τούτων
443 2888 576 2964 δεομένων
601 2889 654 2970 (sc.
673 2890 706 2953 τὸ
725 2888 796 2952 αὐτὸ
815 2896 920 2964 ποιεῖν,
939 2891 1000 2968 περί
1020 2892 1191 2971 τῆςάστρα-

112 3000 182 3072 τείας
204 3002 338 3085 βοηθεῖν).
380 2999 438 3063 Sed
462 2998 540 3062 nihil
563 2998 755 3063 mutandum.
813 3001 900 3080 ’Ὑπὲρ
926 3001 1002 3075 ὑμῶν
1026 3004 1119 3066 αὐτῶν
1144 3009 1190 3065 111

112 3108 163 3193 ipsi
185 3119 301 3177 vestrae
325 3111 557 3176 existimationis
581 3119 635 3174 aut
659 3110 755 3174 famae
778 3133 958 3207 memores
983 3112 1116 3194 'Iblussex
1140 3134 1191 3197 op-

113 3223 201 3302 posito
225 3229 351 3308 apparet
375 3245 454 3287 esse:
482 3223 664 3308 separatim,
690 3228 788 3285 vestro
812 3229 925 3299 marte,
951 3224 1073 3308 proprio
1096 3232 1189 3288 motu.

114 3328 153 3395 Cf.
178 3335 227 3398 18.
252 3336 290 3411 2,
314 3333 370 3397 ubi
391 3333 462 3397 libri
486 3333 599 3398 habent
622 3338 736 3397 πολλῶν
759 3333 815 3412 tata
837 3335 962 3411 ἀγαθῶν.

149 3445 214 3527 pb.
260 3444 408 3525 σκέψασθε
437 3444 462 3508 δ’
470 3495 480 3529 ,
511 3441 532 3510 ὦ
561 3444 658 3524 ἀνδρες
690 3446 843 3528 δικασταί,
878 3446 928 3511 ε’ἀν
951 3446 1045 3510 ἱκανὸν
1069 3446 1190 3523 γένηται

114 3557 264 3636 τεκμήριον,
296 3554 338 3620 θτι
371 3555 459 3628 οὐδείς
482 3581 526 3621 πω
549 3562 604 3621 τῶν
627 3557 776 3636 ἀρχόντων
800 3558 828 3620 ἐν
852 3560 891 3637 τῷ
915 3556 1097 3638 στρατοπέδῳ
1119 3559 1190 3620 Ἀλ-

115 3664 218 3748 κιβιάδνρ
241 3664 273 3743 ἦν
297 3667 586 3748 παρεσκευασμένος,
610 3668 630 3731 1.
656 3691 681 3731 1.
706 3669 798 3746 „vide
820 3690 894 3732 uum
910 3666 1008 3732 ullum
1027 3667 1188 3731 documen-

115 3782 192 3849 „tum
214 3779 310 3865 possit
333 3779 477 3856 inveniri,
503 3778 585 3843 uude
607 3786 751 3865 appareat
767 3779 859 3843 duces
875 3778 1027 3844 Alcibiadi
1049 3778 1190 3842 favisse.’'

116 3881 169 3963 Qui
197 3889 240 3952 ita
270 3889 408 3973 loquitur
439 3912 502 3953 rem
533 3889 656 3955 dubiam
691 3890 765 3954 dicit
795 3913 856 3954 non
881 3890 969 3954 facile
992 3898 1073 3954 certo
1097 3889 1190 3952 docu-

115 4005 206 4061 ueuto
236 4000 398 4084 probatum
427 4001 483 4078 iri;
508 4000 565 4065 hoc
589 4000 656 4064 loco
680 4002 844 4066 asseverari
867 4000 1014 4078 debebat,
1040 4000 1077 4065 ab
1100 4000 1189 4063 initio
1222 4034 1226 4041 =

117 4107 224 4173 nullum
267 4111 422 4175 studuisse
458 4110 622 4175 Alcibiadi.
670 4110 771 4175 Verba
803 4113 853 4176 ε’ἀν
883 4150 928 4160 -
958 4137 1044 4189 τεκμ.
1079 4111 1189 4175 melius

59 4295 63 4305 .
119 4215 257 4286 abessent.

157 4332 219 4414 15.
265 4336 353 4415 ἐχρῆν
383 4333 442 4414 νάρ
469 4336 591 4413 αὐτοὺς,
615 4374 660 4384 -
682 4338 842 4400 ἀνακαλεῖν
865 4337 919 4412 μὲν
941 4335 1110 4417 Πάμφιλον.
1150 4331 1189 4397 In

123 4437 162 4502 ius
190 4466 292 4510 vocare
323 4453 370 4510 est
396 4446 652 4529 ἀνακαλέσασθαι,
682 4468 744 4510 uon
766 4447 935 4512 ἀνακαλεῖν.
982 4445 1055 4509 Νο11
1078 4445 1191 4510 iniuria

1074 4562 1090 4615 8
