3002 5240
851 495 892 557 30

334 715 403 758 cum
427 692 537 757 damno
560 715 642 756 nunc
665 691 747 778 leges
770 693 891 778 neglegi
914 702 1065 779 poterant.
1101 697 1150 760 An
1179 718 1249 760 vero
1271 697 1413 783 interpre-

332 804 476 868 tandum:
508 802 730 880 „metuendum
762 804 819 867 erit
847 804 952 881 laesis,
977 827 1122 890 quorsum
1147 807 1291 892 suffragia
1314 816 1413 873 vestra

331 914 525 994 „evadenti”
548 953 593 963 -
615 914 733 992 Verba,
758 916 882 1000 opinor,
906 939 968 981 non
992 917 1161 1002 patiuntur.
1203 918 1343 983 Fortasse
1368 942 1413 982 ex-

332 1027 471 1091 ciderunt
494 1025 658 1111 quaedam,
684 1033 714 1089 et
737 1035 838 1091 orator
860 1026 904 1091 ita
925 1027 986 1093 fere
1006 1028 1099 1094 dixit:
1116 1030 1203 1102 οὐδεὶς
1223 1033 1318 1097 οιιῖτῶν
1339 1027 1411 1110 ἅψε-

331 1163 391 1203 ποιι.
436 1137 529 1217 ’Epeo
559 1138 583 1202 θ’
612 1138 662 1203 bala
691 1138 939 1219 ἀποψηφίσησθε,
971 1140 1104 1218 οθθεμίοιν
1134 1141 1279 1221 πρθφοισιν
1314 1144 1412 1213 αὐτοῖς

330 1249 474 1314 ἐνδώσετε.
510 1249 624 1320 Πνίντες
647 1249 706 1329 arip
729 1248 870 1324 είσοντοιι,
895 1247 954 1325 θτι,
978 1274 1004 1315 κ.
1027 1276 1055 1316 τ.
1080 1251 1100 1315 ἑ.
1135 1250 1189 1329 „Si
1212 1251 1278 1315 iure
1300 1274 1351 1315 me
1370 1252 1414 1315 in·
1493 1293 1494 1296 =

329 1361 481 1424 terfecisse
512 1358 741 1423 Eratosthenem
774 1358 998 1437 iudicaveritis,
1029 1361 1203 1446 perfugium
1234 1361 1271 1424 iis
1302 1362 1413 1447 praeri-

329 1471 428 1557 pietis.
475 1468 589 1533 Omnes
613 1470 693 1535 enim
716 1471 829 1548 scient,
854 1470 892 1534 ad
909 1470 1006 1556 legem
1023 1471 1060 1535 de
1076 1472 1234 1536 adulteriis
1249 1494 1412 1557 provocare

329 1582 387 1647 sibi
417 1605 479 1645 non
506 1581 614 1659 licere,
647 1581 699 1645 sed
722 1582 977 1647 reformidandam
1000 1605 1064 1647 esse
1087 1584 1179 1648 vestri
1201 1576 1307 1648 iudicii
1333 1606 1413 1648 seve·
1493 1669 1494 1680 ἵ

328 1694 465 1770 ritatem,
490 1691 572 1776 quod
597 1715 713 1778 semper
735 1693 768 1756 in
791 1694 910 1757 civitate
934 1694 1102 1779 plurimum
1124 1694 1234 1758 valet.'’

371 1805 388 1888 b
411 1805 463 1867 42.
508 1803 539 1867 τί
560 1804 619 1883 obp
644 1803 694 1886 ἤδη
717 1803 745 1868 εί
764 1828 792 1869 τι
811 1806 939 1876 ηνίκεῖνος
955 1801 1020 1885 εἶχε
1036 1805 1169 1884 σιδήριονς
1195 1804 1241 1869 Ex
1257 1806 1411 1870 constanti

327 1936 387 1978 usu
419 1913 491 1978 haec
515 1913 684 1997 significare
707 1913 835 1978 debent:
860 1938 937 1993 „cur
959 1917 1039 1979 enim
1064 1915 1195 1980 sciebam
1203 1916 1234 1993 ‚''
1256 1917 1323 1980 rell.
1335 1943 1345 1995 3
1370 1940 1412 1981 re·

327 2025 475 2108 quiritur:
500 2029 576 2090 unde
599 2049 650 2110 epo
673 2029 809 2091 sciebam.
848 2026 930 2090 Fert.
955 2048 1009 2112 pro
1032 2028 1062 2092 τί
1075 2027 1134 2112 leg.
1151 2034 1210 2099 πῶς
1227 2029 1316 2092 euius
1332 2051 1411 2093 com·

326 2135 472 2220 pendium
494 2159 512 2199 a
534 2160 563 2200 τι
588 2139 641 2219 (TI
663 2141 705 2219 Π)
729 2159 835 2221 parum
866 2136 976 2201 differt.
1024 2136 1061 2201 In
1088 2138 1286 2221 sequentibus
1317 2140 1411 2204 mole-

326 2253 407 2310 stum
437 2255 482 2310 est
504 2247 572 2323 κοιίξ
597 2246 731 2310 alienum
755 2256 818 2310 crat
842 2247 878 2311 ab
901 2247 1060 2332 Euphileti
1083 2248 1228 2326 consilio,
1253 2250 1409 2315 auditores

325 2359 579 2423 commonefacere
611 2382 642 2423 se
673 2359 814 2424 habuisse
844 2359 958 2437 telum,
991 2359 1040 2424 cui
1069 2360 1169 2443 potius
1199 2360 1230 2424 id
1255 2362 1409 2445 agendum

325 2477 406 2548 erat,
430 2477 466 2535 ut
489 2492 581 2554 quam
604 2471 733 2533 maxime
756 2452 922 2563 imparatus
946 2471 984 2533 ad
1007 2469 1129 2534 caedem
1152 2472 1269 2535 venisse
1292 2471 1409 2536 ridere-

301 2589 393 2659 ,tur3
424 2588 455 2646 ct
484 2587 585 2645 tamen
616 2603 652 2644 ex
674 2580 729 2645 illo
751 2583 879 2654 κιίιιεῖνος
903 2591 1154 2666 consequeretur,
1179 2589 1215 2646 ut
1238 2605 1269 2646 se
1292 2582 1409 2648 diceret
1462 2598 1468 2635 ι

324 2702 474 2757 armatum
498 2693 536 2757 ad
559 2693 793 2758 Eratosthenem
817 2694 985 2758 accessisse.

366 2806 459 2889 bib.
505 2805 571 2870 οὔτε
601 2787 710 2887 ruatber
743 2806 814 2889 (μοι)
845 2807 932 2870 κοινθν
963 2804 1039 2870 οὐδὲν
1064 2802 1077 2869 ὃ
1101 2806 1158 2880 ἐγὼ
1180 2804 1273 2875 δεδιὼς
1295 2806 1339 2881 μθ
1362 2830 1406 2876 τις

321 2914 445 2991 πθθητοιι
476 2916 635 2994 ἐπεθύμουν
662 2915 749 2980 οιύτὸν
778 2916 933 2982 οίποιιέσοιι.
968 2914 1067 2979 Video
1097 2916 1290 2979 omissionem
1313 2917 1406 3000 parti·

321 3027 406 3090 culae
429 3025 465 3092 ἄν
488 3033 519 3090 et
540 3027 598 3091 hoc
620 3027 696 3091 loco
711 3035 741 3090 et
764 3050 856 3112 supra
878 3029 894 3112 p
917 3029 976 3091 38:
1003 3030 1033 3093 ἐί
1056 3027 1081 3091 δ’
1101 3028 1150 3103 ἤδη
1171 3028 1286 3092 ποίντιιν
1305 3028 1406 3092 θινιπε·

320 3140 495 3215 ποοινμένοιν
517 3138 639 3220 ᾡτινιοῦν
661 3138 754 3218 τρόπιν
776 3137 946 3216 ἑλοίμβοινον
969 3137 1074 3216 abeto,
1098 3145 1250 3220 σωφρονεῖν
1273 3139 1402 3215 ε’μοιντθν

321 3247 562 3332 ἡγοίμηνροεεθ
585 3247 716 3312 defendi.
752 3248 876 3312 Poterat
899 3249 1027 3313 dubium
1051 3272 1131 3326 esse,
1156 3258 1260 3313 utrum
1280 3256 1405 3333 propter

320 3359 536 3423 conscientiam
566 3358 687 3423 sceleris
711 3359 869 3423 cuiusdam
894 3359 1043 3424 analium
1069 3360 1107 3424 ob
1132 3383 1253 3424 causam
1276 3366 1404 3443 cuperet

319 3469 406 3533 illum
430 3470 613 3549 interficere3
639 3470 789 3555 cupivisse
812 3470 935 3555 quidem
959 3471 1127 3535 constabat.
1161 3471 1244 3534 'ralis
1267 3491 1337 3534 vero
1358 3471 1404 3534 in-

318 3581 494 3665 terpretatio
526 3604 595 3646 cum
626 3604 679 3667 per
708 3605 739 3646 se
763 3582 856 3646 dubia
880 3591 941 3661 est,
966 3591 1034 3647 turn
1056 3582 1174 3647 lubrica
1196 3584 1229 3645 iu
1252 3604 1287 3646 eo
1310 3583 1402 3666 scrip·

317 3698 399 3768 tore,
423 3691 510 3756 cuius
533 3692 604 3756 libri
626 3700 688 3755 tam
712 3693 871 3758 manifesto
894 3693 1030 3779 corrupti
1050 3700 1141 3769 sunt,
1158 3714 1253 3775 quum
1270 3715 1401 3776 praeser-

317 3802 373 3865 tim
403 3801 439 3867 θιν
471 3813 540 3867 ante
571 3804 658 3869 νιύτθν
690 3803 777 3867 facile
804 3803 940 3869 excidere
962 3804 1105 3888 potuerit.
1152 3802 1190 3866 ln
1214 3803 1308 3867 altero
1332 3803 1400 3867 loco

317 3914 391 3981 haec
414 3915 577 4000 excogitari
600 3923 701 4002 potest
724 3916 901 4001 explicatio:
925 3917 974 3994 „si
999 3937 1085 3994 vero,
1103 3915 1186 3999 quod
1201 3915 1274 3992 feci,
1292 3915 1398 3998 quavis

317 4026 434 4090 ratione
463 4026 551 4092 illum
573 4026 834 4113 ‘prehenderemss'
857 4027 877 4090 i.
902 4049 927 4090 e.
952 4027 1013 4090 iere
1036 4024 1142 4109 „quod
1166 4035 1267 4088 autern
1291 4025 1398 4108 quavis

316 4137 432 4201 ratione
463 4137 700 4223 prehendebam‚
729 4137 797 4202 iure
828 4159 875 4201 mc
903 4159 990 4221 agere
1018 4134 1195 4220 putabam.'’
1240 4134 1298 4199 Sed
1322 4135 1396 4200 haec

315 4248 394 4311 ratio
423 4249 611 4314 subvertitur
632 4246 731 4311 verbis
755 4246 846 4333 paulo
871 4254 941 4310 ante
963 4246 1066 4310 lectis:
1090 4247 1147 4322 ἐγὼ
1170 4244 1214 4321 θ’,
1237 4242 1258 4310 ci
1281 4244 1394 4328 ἄνδρες,

315 4359 421 4424 δίκαιον
451 4359 504 4437 μὲν
533 4358 570 4423 ἂν
597 4365 685 4423 ποιεῖν
709 4358 839 4434 ἡγούμην
862 4358 983 4438 ᾡτινιοῦν
1005 4355 1099 4436 τρθπῳ
1122 4356 1170 4420 τὸν
1192 4356 1244 4429 την
1267 4363 1395 4433 γννιιῖκοι

315 4472 366 4543 την
388 4473 460 4544 iuba
482 4470 688 4552 διαφθείροιντο
710 4468 891 4545 λνιμβοίνων,
917 4467 971 4532 ubi
992 4468 1026 4530 in
1046 4466 1150 4530 eadem
1166 4466 1227 4530 fere
1244 4468 1393 4531 sententia
