3002 5240
659 516 700 578 53

183 719 199 801 p
223 718 296 782 102.
332 716 367 795 Si
388 738 445 801 ego
468 716 525 781 snb
545 717 674 802 triginta
693 715 768 780 viris
787 721 947 780 accusatus
967 736 1078 789 essem,
1099 709 1226 774 interro·

140 828 291 911 gavissent
313 851 378 906 me,
403 827 520 914 eoquod
544 828 643 891 scelus
666 828 699 892 in
722 827 871 913 populum
889 825 1124 898 commisissem3
1141 818 1224 905 qnod

141 940 164 1002 si
185 940 392 1024 negavissem,
417 946 541 1025 propter
563 940 595 1003 id
619 941 721 1025 ipsum
744 963 792 1004 me
815 937 1077 1003 condemnassent.
1114 932 1223 1008 oeten

139 1049 203 1137 (up.
224 1057 280 1115 τῶν
292 1051 441 1129 εἰρημένων
452 1051 633 1133 πεποίηκας,
646 1050 788 1128 „nihilne
800 1051 831 1114 in
846 1049 995 1136 populum
1012 1044 1169 1129 deliquisti
1177 1042 1224 1124 δ”)

138 1163 221 1236 δοκεῖς
244 1160 290 1228 οὖν
312 1163 462 1243 χαιρήσειν
485 1162 502 1238 ἢ
526 1164 575 1228 οὐκ
597 1162 821 1244 ἀποθανεῖσθαι,
845 1164 882 1232 ὡς
902 1158 987 1240 ἕτεροι
1011 1157 1115 1223 πολλοί
1121 1182 1128 1231 ;
1161 1154 1224 1233 „Et

137 1283 277 1353 „tamem
310 1275 428 1359 inquit,
461 1283 551 1360 putas
583 1283 613 1338 te
644 1273 761 1338 salvum
790 1296 825 1337 ex
849 1272 908 1336 hoc
931 1271 1046 1336 indicio
1069 1269 1223 1332 abiturum

138 1409 212 1464 „neo
235 1387 336 1472 eapite
359 1389 502 1471 punitum
526 1386 564 1450 iri
587 1409 657 1450 cum
680 1386 786 1450 multis
809 1385 919 1450 aliis?’'
964 1384 1043 1447 Tum
1066 1388 1168 1445 orator
1184 1379 1222 1443 ad

137 1496 248 1561 iudices
272 1520 304 1562 se
328 1504 523 1562 convertens:
560 1491 596 1577 ἆρ
619 1496 655 1561 διν
672 1495 761 1562 ὀἴεσθ’
783 1493 804 1561 ὦ
826 1494 924 1577 ἄνδρες
948 1494 1047 1560 ἄλλον
1069 1497 1149 1560 τινῶν
1171 1516 1222 1556 τν-

136 1616 198 1689 χεῖν
220 1635 261 1687 με
281 1608 316 1673 δι’
336 1611 414 1685 ὑμᾶς
439 1607 526 1695 (libri
550 1611 644 1692 ἡμας)
666 1609 690 1672 εἰ
714 1610 843 1691 ἐλήφθην
867 1608 917 1672 ὑπ’
942 1611 1050 1683 adron
1076 1604 1125 1668 Ita
1139 1626 1223 1668 nnnc

139 1742 155 1782 a
175 1720 393 1785 luncensibus
418 1719 552 1798 editum,
577 1729 698 1805 recepto
721 1721 757 1784 ἄν
774 1719 856 1806 quod
871 1721 905 1784 in
920 1719 1007 1783 libris
1023 1717 1221 1783 desideratur.

137 1831 191 1895 Sed
223 1832 343 1897 etiarnsi
370 1831 523 1896 neminem
546 1831 756 1897 damnaverint
778 1833 907 1917 triginta
930 1832 987 1895 viri
1010 1831 1070 1894 nisi
1094 1852 1148 1915 per
1171 1851 1223 1914 po·

136 1944 200 2027 puli
224 1943 386 2027 suffragia,
411 1949 513 2006 tamen
537 1942 629 2005 huius
645 1942 688 2007 rei
704 1943 820 2006 mentio
836 1942 1012 2027 importuna
1028 1941 1221 2026 exprobratio

134 2055 255 2133 fuisset,
280 2052 378 2138 magis
402 2053 629 2116 accommodata
650 2053 689 2116 ad
713 2052 890 2117 alienandos
906 2075 998 2138 quam
1014 2052 1221 2116 conciliandos

135 2167 271 2231 iudicum
305 2165 433 2229 animos.
487 2163 562 2228 Post
591 2172 695 2244 τυχεῖν
726 2189 765 2241 με
796 2164 943 2228 excidisse
974 2163 1094 2228 videtur
1125 2165 1148 2228 εἰ
1179 2165 1221 2241 μη

136 2279 214 2363 (post
240 2286 391 2344 EINME:
419 2279 535 2359 EIMH)
558 2277 737 2361 „putatisne
760 2300 808 2341 me
833 2276 915 2340 aliud
941 2276 1016 2362 quid
1041 2276 1220 2340 auditurum

135 2390 266 2467 ‚‚fuisse,
297 2389 359 2452 nisi
387 2388 466 2459 forte
488 2411 542 2453 vos
564 2387 796 2453 restitissetis?”
841 2385 921 2452 Nam
944 2394 1048 2469 τυχεῖν
1071 2410 1133 2452 non
1155 2395 1222 2452 tan·

135 2507 196 2564 tum
228 2501 364 2585 pertinet
386 2499 425 2562 ad
449 2500 733 2565 condemnationem
756 2499 808 2565 sed
833 2500 926 2564 etiam
949 2498 988 2562 ad
1011 2500 1222 2584 interrogatio·

115 2634 184 2676 'nes
208 2611 402 2697 propositas,
427 2634 501 2697 quas
525 2612 689 2697 quominus
713 2611 841 2676 totidem
864 2611 963 2676 verbis
991 2612 1101 2676 faceret
1117 2608 1222 2676 Chari-

134 2722 210 2801 cles,
235 2722 302 2786 sine
325 2720 420 2785 dnbio
444 2722 627 2786 verecundia
650 2745 721 2809 erga
748 2722 896 2809 populum
912 2721 1088 2808 prohibitus
1103 2722 1220 2788 luisset.

296 2962 353 3007 VII·
382 2970 613 3010 arnonarlrtxoz.
648 2971 710 3009 ΠΕΡΙ
724 2971 781 3009 ΤΟΤ
795 2970 888 3009 ΣΗΚΟΤ
901 2971 1051 3011 ΑΗΟΛΟΓΙΑ.

174 3176 321 3262 Frigidus
338 3176 502 3241 admodum
518 3177 603 3242 iocus
620 3183 666 3242 est
681 3177 773 3242 initio
789 3177 881 3243 huius
897 3179 1059 3257 orationis3
1081 3202 1156 3265 ego,
1177 3181 1221 3244 in·

134 3289 211 3373 quit,
237 3289 282 3353 ita
296 3296 416 3374 praeter
435 3289 610 3374 opinionem
625 3296 783 3353 aecusatus
800 3311 868 3353 sum
887 3287 954 3354 ὥστ’
973 3288 1001 3353 εἴ
1017 3315 1078 3362 τος
1098 3286 1152 3355 οἶόν
1168 3316 1218 3374 τε,

134 3400 208 3465 δοκεῖ
220 3424 269 3476 μοι
287 3399 343 3464 δεῖν
361 3400 410 3464 καὶ
428 3398 494 3471 τοὺς
510 3401 552 3478 μη
569 3400 731 3479 γεγονότας
748 3400 799 3476 ἤδη
817 3400 933 3466 δεδιέναι
951 3402 1013 3482 περὶ
1030 3407 1085 3466 τῶν
1100 3402 1221 3478 μελλό-

22 3554 27 3563 -
134 3535 185 3575 τοι
204 3511 329 3577 ἔσεσθαι.
359 3509 409 3574 Ita
425 3510 528 3597 inepte
547 3511 622 3576 haee
642 3519 820 3599 exaggerata
840 3519 927 3592 sunt,
947 3520 983 3577 ut
1003 3514 1139 3598 suspicer
1157 3536 1221 3578 ora·

133 3626 227 3687 torem
246 3622 284 3686 ad
304 3623 499 3708 proverbium
518 3622 644 3709 aliquod
667 3623 756 3690 nobis
779 3624 920 3710 ignotum
943 3625 1109 3711 respicere,
1131 3625 1219 3690 cuius

134 3731 282 3819 frequenti
305 3757 366 3797 usu
388 3734 553 3820 hyperbole
577 3735 673 3799 lenita
695 3742 726 3799 et
740 3736 843 3800 minus
860 3735 986 3800 insolita
1000 3736 1103 3801 fuerit.
1139 3736 1219 3802 Aliis

127 3830 253 3932 'quoqne
269 3845 345 3909 loeis
365 3846 399 3909 in
418 3846 476 3910 hac
496 3847 633 3910 oratione
653 3846 868 3926 inveniuntur,
890 3870 968 3933 quae
983 3847 1099 3911 homini
1114 3848 1219 3913 hebeti

135 3956 282 4042 nimisque
301 3956 433 4041 simplici
450 3957 540 4021 unice
556 3958 782 4023 accommodata
794 3965 876 4023 sunt.
900 3958 981 4024 Vide
995 3982 1087 4045 quam
1098 3959 1218 4023 inutilis

136 4068 218 4151 eopia
244 4068 406 4132 verborum
429 4067 469 4132 sit
491 4070 508 4153 t
529 4071 565 4132 5:
590 4068 691 4150 νομίζοι
714 4071 773 4151 γαρ
795 4076 846 4136 τοῦ
869 4072 923 4147 μὲν
946 4072 1077 4151 προτέρου
1099 4057 1218 4151 Ιχρόνον,

136 4179 189 4243 οὐδ’
209 4183 234 4246 εἷ
257 4180 354 4246 παλαι
377 4182 481 4255 ε’νῆτοιν
504 4182 622 4260 μυρίαι,
646 4184 696 4246 οὐκ
719 4182 763 4265 αν,
777 4182 890 4257 δικαίοις
913 4182 1098 4266 ζημιοῦσθαι,
1123 4206 1216 4269 qnae,

138 4291 191 4353 etsi
216 4314 304 4356 nemo
327 4291 476 4377 predone,
502 4293 528 4356 si
547 4292 702 4371 abessent,
722 4293 924 4373 desideraret,
948 4301 1049 4359 tamen
1073 4295 1219 4360 auditori·

137 4399 204 4482 bus,
227 4405 254 4467 si
277 4427 295 4467 a
318 4403 450 4489 simplici
473 4412 503 4469 et
527 4413 631 4490 aperto
655 4406 778 4472 homine
801 4408 1011 4492 proferantur,
1032 4431 1094 4473 non
1113 4408 1218 4493 displi-

139 4512 260 4595 eebunt;
293 4536 371 4603 quae
402 4523 573 4604 sequnntur
596 4518 622 4580 si
646 4518 766 4585 brevius
790 4525 892 4582 essent
915 4519 1094 4596 enunciata,
1118 4518 1217 4583 multo
