2994 5234
633 485 697 545 ale

111 704 176 750 σοις
207 680 364 759 φοιίνετοιι,
397 681 499 763 ipsum
531 679 619 743 illum
651 681 818 764 populum,
853 703 870 743 a
901 702 962 764 quo
986 678 1158 763 periculum
1183 677 1211 740 ei

112 789 314 871 imminebat,
340 790 446 867 eiecit,
471 811 534 852 uon
558 812 575 851 a
598 790 714 874 populo
737 790 901 853 damnatus
925 798 988 866 est,
1006 787 1060 851 aed
1076 788 1211 872 populus

112 901 156 963 ab
196 901 264 983 ipso
297 898 422 961 eiectos.
470 898 517 961 ux
548 898 664 962 Dobrei
696 921 787 962 sensu
810 897 902 982 friget
925 898 1081 977 κρίνεοόοιι,
1106 917 1211 958 verum

114 1009 232 1072 fortius
265 1007 449 1071 vocabulum
481 1031 565 1072 nunc
595 1030 657 1072 non
690 1006 873 1092 requiritur,
906 1005 1055 1091 oppositis
1083 1003 1138 1069 ὑπό
1160 1010 1212 1070 τοῦ

112 1119 211 1195 δήμου
235 1123 268 1181 et
290 1116 338 1180 τόν
362 1117 459 1194 δῆμον.

162 1230 180 1312 d
205 1230 259 1292 31.
305 1229 368 1304 περὶ
389 1228 443 1301 μὲν
460 1226 591 1291 τούτων
609 1264 651 1274 -
668 1224 731 1304 περὶ
753 1225 782 1288 δὲ
800 1231 856 1290 τῶν
874 1225 1110 1303 ἐξαιτησομένων.
1134 1224 1209 1308 Leg.

112 1338 242 1402 τουτουί.
290 1336 385 1400 Porro
415 1335 488 1407 τινὲς
520 1336 570 1398 aa>
597 1342 653 1399 τῶν
685 1336 781 1412 Φίλων
810 1335 860 1398 κού
883 1340 939 1399 τῶν
962 1335 1003 1398 τόν
1025 1342 1078 1408 τῆς
1101 1335 1212 1405 πόλεως

114 1447 309 1527 προιττόντων
336 1447 379 1510 sic
411 1446 540 1523 dicitur,
576 1467 611 1508 ac
638 1445 664 1508 si
687 1445 750 1508 duo
774 1445 894 1508 diversa
917 1444 1078 1507 hominum
1101 1466 1214 1527 genera

114 1557 344 1640 intellegantur
369 1558 432 1638 (κοοί
446 1592 492 1604 -
507 1557 579 1639 κοιί).
626 1555 768 1618 Fortasse
798 1553 1018 1634 τιτρωσκόντων
1048 1553 1213 1637 legendum

115 1690 176 1752 pro
210 1667 405 1745 τροοττόντων.
452 1666 568 1730 Partim
607 1666 759 1729 amicitiae
790 1687 899 1743 causa,
932 1666 1044 1749 partim
1079 1665 1212 1748 corrupti

116 1776 256 1861 pecmria
277 1775 530 1860 deprecabantur.
608 1787 614 1805 ¹

164 1889 184 1970 b
209 1888 262 1948 32.
310 1885 492 1970 Suspicatur
522 1884 665 1948 Dobreus
697 1884 862 1967 legendum
893 1907 974 1948 esse:
999 1882 1099 1963 δεινόν,
1124 1919 1169 1930 -
1191 1882 1214 1944 εί

115 1996 227 2061 τούτου
257 1995 310 2070 alu
332 1996 391 2066 ἑνὸς
414 1995 492 2066 όντος
515 1994 565 2059 κω)
589 1995 666 2058 οὐδὲν
690 1993 744 2058 ὑπό
767 2001 820 2067 τῆς
845 1993 955 2065 πόλεως
976 1992 1141 2069 ἠδικημένου
1164 1994 1215 2056 οὐκ

118 2104 321 2185 ἕπεχείρνοοιν
345 2112 473 2169 πεῖοοιι
500 2107 536 2176 ὥς
562 2107 626 2184 χρὴ·
648 2106 820 2169 τωόοοιοόοιι
843 2106 883 2175 είς
907 2105 985 2179 opor
1005 2100 1216 2182 ἕξοιιιοιρτοίνον-

118 2241 179 2290 τοι,
208 2216 288 2291 ύριόις
311 2216 340 2279 δὲ
363 2215 517 2286 τοσούτους
536 2215 620 2284 όντως
644 2215 693 2278 κν)
715 2215 895 2291 ἠδικημένους
919 2214 974 2277 ὑπό
998 2213 1099 2277 τούτου
1115 2211 1215 2291 ζητοῦ-

119 2352 188 2403 σιν,
222 2327 259 2396 ὥς
290 2328 321 2389 ού
348 2327 405 2406 χρὴ
436 2326 514 2400 δίκην
536 2326 607 2406 πόρ’
631 2328 721 2391 οιύτοῦ
745 2324 928 2404 λοιριβοίνειν,
952 2326 995 2388 ita
1018 2331 1055 2386 ut
1078 2327 1148 2408 post
1171 2320 1217 2401 ζ-

119 2441 224 2501 τοῦσιν
248 2457 284 2497 er
308 2435 517 2519 superioribus
541 2435 740 2520 intellegatur
762 2442 872 2499 τεῖοοιι.
912 2433 972 2498 Sed
995 2440 1062 2495 tum
1085 2430 1217 2512 ζητοῦσιν

120 2546 187 2608 alio
219 2543 288 2606 loco
316 2552 536 2628 exspectarem,
562 2544 658 2608 veluti
680 2551 750 2628 post
774 2545 853 2622 ύωόος
876 2544 915 2608 δέ.
962 2541 1123 2606 Praeterea
1145 2539 1215 2604 coll.

120 2656 155 2719 in
182 2652 284 2716 Aloib.
309 2652 336 2716 I.
361 2656 428 2737 (14)
452 2655 508 2716 20:
533 2652 604 2728 όξιῶ
624 2653 648 2716 δ’
671 2649 809 2734 ὦόόνόρες
833 2653 971 2717 δικοοττοοί
993 2690 1038 2701 -
1057 2650 1217 2731 όρνίζοοόοιι

120 2762 167 2829 ότι
193 2761 296 2827 τούτου
319 2763 373 2839 μὲν
396 2765 446 2827 οὐκ
468 2762 662 2842 ἕπεχείρνοοον
687 2762 816 2836 tanetum
841 2800 886 2811 -
910 2769 999 2826 πονεῖν
1022 2762 1063 2826 τόν
1087 2759 1218 2834 ὑπὸτῆς

122 2873 241 2942 πόλεως
268 2870 525 2953 προςτοιττόριενοι,
555 2871 635 2948 ύμόος
667 2870 696 2935 δὲ
725 2872 831 2935 πείθειν
861 2877 1012 2952 τειρῶντοοι
1042 2874 1079 2941 οἷος
1106 2873 1137 2934 οὐ
1159 2871 1219 2949 χρὴ

123 2981 211 3060 ποιρόο
241 2984 297 3043 τῶν
327 2979 497 3044 ἀδικούντων
528 2981 605 3055 δίκην
635 2980 805 3057 λωμβοίνειν
835 2981 928 3045 lectio
951 2984 1002 3046 οὐκ
1024 2981 1219 3060 ἐπιχείρησον

123 3091 237 3155 errares
258 3089 313 3171 (ita
332 3089 413 3152 enim
435 3089 537 3173 codd.)
559 3097 589 3153 et
609 3090 785 3154 coniectura
803 3090 918 3170 ζντούοι
939 3089 1071 3154 πείθειν
1090 3093 1127 3160 ύς
1145 3088 1219 3151 satis

127 3198 276 3285 praesidii
310 3199 436 3264 habent.
483 3200 522 3264 Iu
563 3201 695 3270 lectione
730 3199 855 3264 Scheibi
887 3200 984 3284 igitur
1017 3203 1054 3271 ύς
1076 3201 1136 3280 χρή
1152 3206 1223 3283 post

124 3310 238 3375 δεῑοόοιι
260 3315 306 3371 est
330 3308 554 3385 omittendum3
581 3309 700 3394 reliqua
723 3316 804 3372 recte
829 3330 860 3372 se
883 3308 1006 3372 habeut.
1053 3308 1103 3372 Sic
1127 3308 1219 3372 etiam

126 3406 285 3483 Cobetusi
324 3417 522 3483 Conveniunt
553 3441 630 3502 quae
662 3419 713 3481 hic
744 3418 892 3503 leguntur
920 3441 981 3482 non
1006 3425 1127 3483 tantum
1150 3441 1220 3482 cum

127 3527 279 3591 orationis
304 3528 336 3590 in
360 3526 552 3591 Alcibiadem
575 3527 596 3592 l.
620 3527 660 3605 l.,
686 3527 740 3591 sed
764 3528 854 3591 etiarn
879 3549 948 3592 cum
972 3527 1110 3611 proxima
1129 3528 1221 3610 (κοντόν

127 3638 272 3711 Φίλωνος,
298 3637 373 3719 31),
397 3638 414 3720 t
437 3639 497 3714 32,
522 3660 566 3721 sq.

175 3747 193 3829 d
216 3747 269 3808 33.
314 3747 374 3825 χρὴ
398 3747 506 3821 τοίνυν,
526 3745 620 3826 όίσπερ
635 3746 672 3812 όον
687 3747 803 3821 τούτους
818 3748 904 3827 όρῖοτε
919 3745 1067 3826 προθύμως
1082 3747 1221 3825 σύζοντοις

128 3855 197 3924 τοὺς
217 3845 337 3936 Φίλους,
361 3853 432 3919 ούτω
452 3855 501 3919 κού
526 3858 605 3932 ύμόος
623 3857 698 3932 τοὺς,
711 3856 828 3936 ἕχόροὺς
844 3857 1042 3936 τιμωρεῖτόοιι,
1062 3853 1095 3919 εὖ
1109 3855 1222 3926 εἰδότως

129 3962 174 4028 ότι
208 3964 348 4035 τούτοις
379 3965 529 4045 πρώτοις
552 3963 650 4045 ἄνδρες
672 3965 806 4044 οίροείνονς
827 3963 919 4039 δόξετ’
935 3959 1022 4041 οίνοιι,
1043 3966 1118 4028 ἕπόον
1140 3965 1223 4045 ποορόο

129 4077 188 4136 τῶν
203 4072 373 4137 όδικούντων
394 4074 472 4147 δίκην
491 4073 680 4150 suppurare.
705 4074 744 4137 In
760 4074 808 4137 his
824 4073 861 4137 ι’ίν
877 4075 960 4156 (ante
974 4073 1104 4155 τούτους)
1122 4072 1224 4137 delen·

131 4179 207 4242 dum
217 4207 226 4256 ;
250 4181 365 4244 nemini
386 4181 583 4266 persuadebit
600 4181 759 4246 Scheibius
778 4181 1000 4267 propemodum
1020 4184 1222 4247 necessarium

133 4310 199 4352 esse
224 4295 254 4352 et
278 4290 470 4373 iungendum
493 4311 563 4353 cum
586 4289 745 4370 σώζοντος,
770 4315 831 4370 „ne
855 4291 1065 4375 deprecatores
1089 4291 1136 4355 illi
1154 4314 1223 4355 vere

133 4397 359 4463 Nicomachum
390 4399 560 4462 serraturi”
587 4398 759 4464 videantur.
803 4399 907 4483 Σύζω,
933 4407 969 4463 ut
991 4399 1107 4478 libeat,
1137 4403 1223 4465 πείθω
