2958 5238
609 455 669 516 143

148 658 234 742 §dd
278 657 301 720 ci
332 654 486 735 νηδεοτοιό,
519 654 596 733 παρ’
625 648 674 724 οἷς
704 651 919 734 κοιτέλιτεν,
947 650 1180 730 ὁμολογουμένως

110 767 218 843 πένητες
239 768 301 835 εἰσί.
333 766 508 851 Cleophon,
535 766 587 849 qui
611 764 667 829 sub
682 765 810 850 triginta
824 766 904 828 viros
915 765 1072 830 institutos
1088 767 1180 830 inter·

108 878 196 943 fectus
222 886 267 942 est
293 882 358 962 (13.
385 880 413 954 7,
438 900 523 961 sqq.,
548 879 600 940 30.
628 879 679 960 10)
688 925 697 954 ,
721 875 799 940 nihil
821 876 945 961 reliquit
953 903 962 955 3
984 900 1055 941 nam
1078 879 1103 941 si
1126 901 1181 962 pu·

109 989 254 1053 blicationi
276 976 444 1065 bonorum,
469 988 544 1051 dum
566 987 599 1050 in
621 987 697 1050 vivis
721 996 801 1064 erat,
818 987 935 1071 aliquid
951 988 1180 1068 substraxisset,

110 1099 341 1164 abscondidisset
363 1120 435 1163 sane
459 1097 540 1183 apud
563 1097 682 1175 affines3
707 1097 761 1162 sed
785 1098 817 1162 hi
833 1121 979 1184 pauperes
996 1109 1076 1164 sunt.
1107 1099 1183 1164 Scri·

17 1200 19 1213 ,
108 1210 234 1275 bendum
256 1211 325 1292 παρ’
349 1206 388 1282 οἷς
411 1210 568 1274 κοτέλιτεν
591 1207 645 1284 όν,
669 1208 751 1293 apud
767 1231 844 1293 quos
860 1211 1048 1296 reliquisset,
1066 1213 1091 1276 si
1107 1212 1181 1297 quid

108 1323 281 1387 abscondere
304 1322 463 1407 potuisset,

145 1437 235 1520 tbi).
282 1431 392 1509 ἠκούετ’
423 1434 451 1494 ἕν
480 1440 518 1510 τῇ
548 1433 702 1513 ἐκκλησίᾳ,
734 1433 770 1503 ὡς
800 1432 935 1509 Διότιμος
959 1433 1021 1512 ἔχοι
1044 1434 1182 1498 τόλοοντον

104 1544 314 1624 τεττοιρόκοντοι
337 1544 427 1607 τλείω
452 1542 469 1617 ἢ
493 1540 547 1606 όσοι
570 1542 657 1613 cedris
680 1542 822 1619 ὡμολόγει
845 1545 926 1621 τοιρόο
949 1551 1003 1608 τῶν
1020 1546 1182 1626 ννινκλόρων

105 1655 148 1719 acl
170 1654 308 1736 ἐμπόρων.
349 1653 585 1717 Raucbenstein.
610 1654 739 1738 explicat
753 1654 924 1719 Diotimum
939 1658 1088 1741 accepisse
1104 1681 1183 1721 sum-

104 1787 178 1828 mam
200 1766 345 1850 pecuniae
369 1763 572 1848 quadraginta
594 1765 718 1828 talentis
743 1768 885 1830 maiorem
909 1789 1000 1851 quam
1022 1769 1087 1853 ipse
1110 1769 1182 1833 fate·

17 1886 19 1915 ³
105 1885 190 1940 retur.
237 1876 297 1940 Sed
321 1876 378 1939 boc
402 1876 445 1939 sic
467 1898 573 1960 graece
595 1898 658 1940 non
681 1875 793 1940 dicitur
813 1878 865 1941 sed
881 1879 1053 1961 τοιλοόντοις,
1071 1880 1108 1944 cf.
1126 1883 1177 1947 30.

17 1984 18 1987 ’
106 1991 141 2051 20
159 1995 187 2051 et
204 1991 256 2051 21.
293 1986 402 2072 Itaque
424 1986 588 2071 legendum
611 1986 747 2052 videtur:
774 1990 929 2062 τοιλοόντοις
946 1991 1180 2072 τεττοιοοόνοοντοο,

107 2100 189 2163 τλεόω
215 2096 286 2165 όσονν
310 2100 397 2170 οὗτὸς
421 2098 581 2175 ὡμολόγει,
614 2099 696 2179 τορόι
718 2105 773 2162 τῶν
800 2102 961 2181 νοονκλήρων
981 2110 1030 2166 nal
1053 2105 1181 2181 ἐμπόριον

105 2209 129 2290 (ἦ
144 2210 259 2272 omittit
271 2209 390 2293 Palae).
422 2209 560 2273 Diotimo
581 2211 725 2294 (stratego
746 2233 772 2274 a.
790 2213 872 2290 388,
886 2212 923 2276 cf.
937 2212 1182 2299 Rauchenstein.)

105 2319 215 2385 crimini
247 2321 378 2385 dabatur
406 2321 488 2406 quod
516 2344 551 2385 ex
576 2323 704 2407 pecunia
727 2346 744 2386 a
767 2305 982 2390 mercatoribus
1006 2334 1036 2391 et
1059 2329 1181 2392 navium

105 2435 249 2518 magistris
274 2435 302 2498 ei
325 2434 425 2497 soluta
447 2456 501 2518 pro
524 2436 671 2498 comitatu
695 2444 725 2498 et
748 2434 922 2500 defensione
942 2439 1065 2503 navium
1084 2448 1181 2504 vecto-

105 2544 227 2624 riarum,
254 2567 332 2628 quae
354 2556 408 2630 p'er
431 2544 666 2630 Hellespontum
690 2546 891 2630 navigabant,
916 2571 977 2612 uon
994 2551 1093 2613 minus
1110 2574 1182 2635 qua-

103 2655 237 2741 draginta
258 2658 373 2721 talenta
393 2658 451 2721 sibi
466 2666 673 2721 reservaturus
688 2681 749 2722 uon
767 2660 867 2723 omnia
879 2683 912 2723 ex
927 2683 996 2724 vero
1008 2661 1191 2726 indicasset·

102 2766 201 2833 Simile
225 2768 301 2853 quid
325 2769 478 2833 obiectum
500 2769 559 2832 fuit
581 2768 775 2847 Erasinidae3
800 2771 837 2834 cf.
862 2770 941 2834 Xeu.
959 2772 1040 2836 Hell.
1057 2773 1083 2837 I.
1102 2777 1131 2838 7.
1150 2778 1179 2837 2.

102 2882 153 2945 Κοοὶ
184 2889 286 2948 τοῦτον
315 2883 404 2946 initio
440 2882 595 2966 sequentis
626 2883 794 2946 sententiae
825 2884 884 2965 (acl
908 2890 1008 2948 τοῦτον
1024 2920 1075 2965 ,-
1093 2886 1180 2959 οὐδεὶς

102 2991 251 3077 ἐξήλεγξε)
282 2993 449 3058 necessario
480 2992 669 3056 referendum
702 3001 780 3056 esset
810 2993 847 3056 ad
871 2994 1103 3061 Atheniensium
1128 2998 1181 3061 lal-

102 3126 158 3168 sam
195 3105 387 3190 opinionem,
422 3105 455 3167 in
489 3103 695 3188 superioribus
730 3114 1007 3183 commemoratam,
1048 3109 1130 3193 quod
1165 3133 1182 3173 a

101 3217 295 3300 sequentibus
322 3216 411 3300 plane
440 3214 596 3292 abhorret,
622 3216 733 3299 quibus
757 3239 838 3279 error
860 3216 912 3280 ille
936 3219 1060 3282 omnino
1084 3219 1182 3283 suble·

100 3334 146 3389 tus
169 3351 233 3392 esse
257 3327 454 3410 significatur.
500 3326 561 3388 Pro
584 3325 633 3390 aul
660 3331 759 3390 τοοῦτοι
782 3329 902 3410 requiro
925 3329 1005 3404 μετόν
1028 3337 1127 3395 τοῦτον
1147 3332 1179 3414 δ’,

97 3445 196 3519 postca
211 3461 295 3502 acmo
307 3441 391 3502 illum
402 3440 566 3520 redarguit.
590 3436 731 3521 Denique
746 3436 779 3529 in
796 3437 857 3500 illis
874 3439 1027 3512 Ἀόννοοόινν
1043 3440 1181 3505 οὶότόντων

17 3624 18 3629 ¹
101 3548 258 3622 όκνκοότονν
282 3548 323 3613 ότι
346 3547 565 3626 τεττοοροόκοντοο
584 3548 723 3611 τόλοιντοο
742 3546 804 3627 ἔχοι
825 3548 961 3624 Διότιμος
980 3588 1025 3598 -
1041 3550 1120 3630 ἔχειν
1136 3560 1182 3615 est

17 3648 19 3665 ¹
101 3656 188 3739 ἑοιντῷ
207 3658 298 3740 ἔχειν,
320 3658 387 3721 aliis
405 3663 542 3742 surrepta
562 3655 732 3740 possidere,
755 3657 791 3721 cf.
814 3660 866 3721 28.
889 3660 925 3720 5:
942 3658 998 3731 τόις
1011 3667 1079 3732 acta
1092 3660 1180 3741 ἔχειν,

142 3773 158 3854 b
182 3773 234 3833 62.
281 3768 382 3854 Lego:
406 3767 479 3834 ὥστε
502 3771 541 3849 τῷ
564 3772 596 3846 γ’
618 3768 690 3851 ἔργῳ
712 3776 775 3842 τῆς
799 3770 933 3842 πόλεως
955 3772 1058 3837 τοῦτ’
1080 3771 1181 3837 ἔοτοιι

100 3901 151 3963 pro
173 3881 271 3947 τόλμι
294 3880 373 3947 τοῦτ’
396 3881 483 3946 ἔστιν.
530 3879 619 3943 Nihil
642 3887 796 3964 praetcrea
819 3881 1017 3945 desideratur.

447 4118 499 4160 xx.
527 4126 597 4162 ruer
618 4123 826 4162 uomrnnror.
868 4111 872 4117 '

141 4322 281 4388 Dobreus
304 4322 383 4385 hanc
406 4322 573 4385 orationem
595 4343 677 4399 „nou
702 4320 972 4385 contemnendam”
997 4321 1090 4397 dixit,
1112 4343 1179 4384 ean-

101 4430 164 4495 dem
190 4455 259 4497 vero
283 4437 328 4517 (p.
345 4434 419 4516 192)
438 4454 561 4510 „crasso
585 4431 656 4494 filo’'
683 4432 835 4516 scriptam.
883 4430 1035 4516 Equidem
1055 4454 1120 4495 eam
1139 4433 1182 4495 ita
