2994 5234
630 431 689 494 17⁷

160 627 251 708 §ld
298 625 379 688 Mira
409 626 584 689 consecutio
615 633 786 710 temporum
817 635 878 692 est:
908 630 986 706 ὑμάς
1009 627 1054 694 οὖν
1077 632 1148 710 χρη
1171 633 1204 695 ἔκ

116 733 224 797 τούτων
248 733 409 814 δοκιμάζειν
431 735 497 807 τοὺς
520 734 662 816 πολίταις,
682 743 862 809 σκοποῦντάς
885 738 938 815 μὲν
962 735 1037 809 ὅπως
1061 737 1148 814 decu
1176 742 1204 804 ἕν

118 853 153 924 τῇ
180 832 359 922 δημοκρκτῖοι
390 844 708 921 πεπολιτευμένοι,
733 844 1123 925 &praeeuntcarcere
1144 849 1203 926 ε’χί-

117 975 201 1028 χνετο
225 952 354 1033 ὠφέλειά
376 958 433 1017 τῶν
454 953 641 1033 πραγμάτων
663 955 899 1032 μετοιπεσάτων.
938 956 1031 1020 Recte
1054 957 1206 1022 diceretur

117 1063 202 1125 ὁποῖοι
226 1057 299 1133 ἦοοον
320 1098 365 1109 -
389 1063 617 1140 πολιτευόμενοι,
641 1063 696 1127 sed
718 1064 1008 1150 plusquamperfecti
1024 1066 1141 1131 nullam
1161 1090 1206 1131 ra·

115 1169 230 1233 tionem
253 1171 351 1235 video.
375 1170 517 1235 Fortasse
542 1172 755 1236 scribendum:
779 1183 863 1253 χρῆν.
893 1173 1038 1258 Vulgaris
1060 1177 1140 1239 ratio
1161 1184 1207 1239 est

116 1287 188 1358 χρῆν
218 1287 354 1356 σκοπεῖν,
375 1271 460 1353 ’ὅπως
493 1282 546 1347 εἰσὶ
576 1305 609 1345 π.
643 1289 698 1346 aut
727 1278 782 1346 εἶεν
813 1308 847 1349 π.
893 1283 953 1347 Sed
984 1284 1059 1347 haec
1083 1285 1205 1369 saepius

116 1388 306 1472 neglegitur,
330 1411 387 1475 pro
410 1390 562 1474 praesenti
586 1398 656 1476 post
676 1391 803 1455 verbum
820 1392 976 1476 praeteriti
990 1393 1136 1476 temporis
1152 1392 1208 1454 im·

117 1497 251 1580 perfecto
278 1497 458 1562 substituto.
495 1498 541 1562 Of.
566 1502 634 1564 κάτ’
658 1503 756 1580 Ἀχορ.
783 1502 851 1584 (18)
875 1503 936 1563 41:
961 1500 1024 1579 περὶ
1047 1500 1209 1580 Ἀγοράτου

116 1605 232 1672 τουτουῒ
251 1608 368 1690 ἔλεγον,
394 1604 436 1671 άτι
459 1606 549 1679 cirros
573 1602 610 1681 ἦν
635 1614 694 1672 του
711 1608 844 1674 άοινάτου.
881 1608 959 1673 Xen.
985 1609 1068 1673 Hell.
1089 1608 1151 1672 III.
1177 1611 1207 1671 2.

119 1718 153 1777 6:
178 1718 343 1781 ε’πιοτεῖλοιι
370 1716 399 1780 δὲ
421 1717 488 1787 τοὺς
511 1717 628 1799 ἐφόρους
653 1718 760 1792 εἰπεῖν,
785 1721 837 1800 ὡς,
861 1756 907 1766 -
929 1717 971 1783 άτι
993 1725 1041 1783 νῦν
1061 1719 1137 1784 οὐδὲν
1154 1720 1211 1792 ἠδί-

118 1848 181 1889 κουν
204 1827 273 1909 (pro
296 1826 437 1908 άδικοῦοι)
463 1830 611 1891 ἐπαινοῖεν.
658 1825 718 1891 OP.
742 1827 805 1891 ΙΙΙ.
826 1830 856 1890 3.
874 1832 912 1891 9:
934 1836 1081 1893 κοιτοινοάν
1096 1831 1210 1910 ν’Κῦρος

118 1937 152 2006 ὡς
175 1930 208 1999 εὖ
232 1937 312 2015 αὐτῷ
335 1931 415 2015 εἶχον
439 1938 505 2019 (pro
529 1935 640 2020 ἔχουσι)
664 1937 705 2001 τά
724 1936 836 2014 οάμοοά
855 1939 878 2001 οἱ
892 1944 1068 2017 οτροιτιῶτκι
1084 1977 1129 1986 -
1147 1940 1211 2002 ε’πε-

118 2044 206 2121 crass.
238 2043 332 2128 (hya.)
356 2046 425 2127 ὑπὲρ
448 2057 592 2125 Πολυστρ.
618 2049 695 2131 (20).
721 2050 780 2110 24:
804 2047 871 2111 ὥστ’
894 2048 995 2112 εἰδένοιι
1018 2050 1084 2119 τοὺς
1099 2049 1210 2120 ἱππέοις

118 2147 168 2223 οἷος
199 2147 234 2224 ἦν
265 2153 324 2236 (vel
355 2149 373 2228 ἦ
399 2178 454 2239 pro
485 2156 546 2232 εἶμί
575 2156 623 2219 vel
654 2155 722 2241 εἴην)
753 2160 805 2230 την
832 2158 944 2237 ψυχάν.
983 2157 1080 2220 Thuc.
1098 2156 1154 2220 VI.
1182 2162 1210 2221 1.

119 2263 188 2326 Alia
209 2263 325 2326 videsis
346 2263 380 2326 in
402 2286 528 2348 gramm.
552 2267 569 2349 d
593 2267 644 2330 57.
669 2265 707 2328 A.
731 2268 785 2328 45.
821 2265 995 2329 Sententiae
1015 2266 1211 2349 pendentisa

118 2379 190 2451 χρῆν
224 2378 278 2435 aut
305 2372 376 2453 ἔδει,
409 2373 441 2435 in
473 2395 534 2456 quo
564 2373 776 2456 imperfectum
803 2374 957 2459 (plqpers.)
980 2395 1035 2458 pro
1060 2376 1212 2457 praesenti

119 2482 217 2565 (perf.)
247 2488 426 2565 usurpetur,
458 2504 520 2546 non
550 2481 648 2546 habeo
680 2483 870 2568 exemplum,
901 2482 1010 2547 sedin
1034 2483 1212 2547 secundario

120 2595 222 2653 tamen
254 2591 389 2655 membro
417 2593 585 2656 sententiae
616 2593 777 2676 pendentis
804 2593 1015 2678 imperfectum
1046 2602 1214 2678 usurpatur

120 2704 154 2760 ut
178 2698 268 2762 Dem.
295 2702 324 2763 8.
353 2703 390 2763 l:
416 2702 499 2767 ’Ἔδει
529 2703 582 2779 μὲν
613 2703 679 2774 τοὺς
709 2703 853 2778 λέγοντος
883 2700 1022 2774 άποοντοις
1045 2705 1122 2780 μήτε
1146 2703 1214 2783 πρὸς

121 2806 229 2888 ἔχάροιν
256 2810 394 2874 ποιεῖοάοιι
425 2812 512 2888 λάχον
543 2812 654 2889 μηδένοι
682 2812 759 2890 μήτε
790 2812 857 2892 πρὸς
887 2812 989 2892 χάριν,
1013 2812 1084 2876 άκλ’
1108 2809 1121 2875 ὃ
1144 2813 1215 2889 βέλ-

119 2938 217 2982 τιστον
241 2914 364 2991 ἕκαστος
387 2922 532 2998 ἡγεῖτο,
557 2924 635 2985 τοῦτ’
658 2921 883 3003 άποφοάνεοάοιι.
918 2920 1084 2984 Enucleate
1104 2921 1143 2984 de
1166 2920 1214 2983 his

120 3027 265 3111 Madvig,
282 3029 367 3093 Bem.
386 3052 415 3114 p.
436 3033 486 3107 17,
501 3052 546 3114 sq.
564 3038 595 3094 et
613 3033 663 3093 lt.
679 3069 725 3079 -
740 3030 834 3110 Quod
850 3032 988 3114 sequitur
1004 3032 1215 3114 imperfectum

121 3139 256 3215 ἐγίγνετο
270 3141 384 3203 mansit
403 3162 439 3203 ex
460 3142 596 3204 oratione
616 3147 713 3217 recta3
730 3141 834 3204 malim
850 3148 950 3203 tamen
968 3140 1081 3218 ἐγένετο
1099 3141 1215 3225 (‚,quod

121 3248 386 3322 „emolumentum
412 3255 618 3334 perceperint,
643 3272 739 3333 quum
761 3273 809 3312 ras
833 3272 993 3313 conversae
1017 3250 1157 3334 essent'’).

164 3360 182 3442 p
206 3360 259 3420 11.
305 3359 364 3434 ε’χὼ
396 3358 487 3421 τοίνυν
513 3360 662 3435 ηχοῦμοοι,
690 3355 747 3422 άοοι
767 3359 820 3436 μὲν
843 3360 871 3423 ἐν
894 3369 932 3439 τῇ
952 3360 1130 3441 δημοκροιτίρι
1152 3358 1216 3425 άτι-
1248 3396 1252 3402 >

122 3491 167 3543 μοι
196 3462 272 3542 ἦοοιν
299 3467 417 3539 εὐάάνοος
444 3467 596 3540 δεδυκότες
620 3468 636 3542 ἢ
660 3473 716 3532 τῶν
737 3467 823 3537 ὄντων
846 3469 1070 3548 άπεοτερημένοι
1094 3471 1111 3544 ἢ
1135 3468 1214 3550 άλλη

15 3658 17 3665 γ
121 3578 173 3641 τινὶ
205 3582 345 3659 συμφορᾷ
375 3576 496 3658 τοιοιάτη
517 3554 697 3658 κεχρημένοι.
745 3576 845 3640 Nemo
870 3600 932 3640 non
956 3577 1031 3641 haec
1054 3578 1152 3661 primo
1175 3579 1215 3641 le-

15 3672 16 3689 *
124 3707 196 3768 gena
220 3685 329 3769 iunget
351 3685 503 3756 δεδωκότες
527 3690 543 3760 ἢ
567 3686 793 3765 άπεοτερημένοι
817 3685 834 3760 ἢ
854 3685 1035 3766 κεχρημένοι.
1068 3685 1128 3750 Sed
1150 3687 1218 3751 iun·

124 3796 223 3877 genda
254 3802 327 3859 sunt
358 3782 455 3872 άτιμοι
486 3796 502 3870 ἢ
532 3798 587 3860 άπ.
613 3797 629 3872 ἢ
654 3820 755 3877 κεχρ,
779 3801 815 3857 ut
839 3797 991 3859 sententia
1014 3796 1120 3875 docet3
1146 3819 1218 3861 nam

122 3902 220 3981 άτιμοι
255 3899 327 3978 ἧοοιν
357 3907 527 3991 explicatur
561 3908 659 3991 primo
682 3906 844 3990 participio
867 3906 941 3986 teu,
967 3929 1027 3969 non
1052 3908 1125 3970 item
1149 3907 1216 3970 reli-

122 4017 199 4098 quis.
249 4015 316 4102 Ego
347 4018 465 4089 εὐάάνοος
493 4015 644 4087 δεδυκότες
669 4015 817 4078 eiicienda
841 4035 966 4091 censeo,
992 4023 1099 4100 utpote
1124 4017 1218 4081 inter·

123 4127 218 4209 pretia
250 4127 409 4192 cuiusdam
433 4133 717 4191 annotatamentum
741 4147 777 4188 ex
801 4124 938 4207 margine
966 4128 1099 4207 petitum
1106 4153 1114 4201 ;
1135 4127 1219 4191 addi-

125 4235 169 4298 dit
192 4237 229 4301 ad
250 4236 366 4315 άτιμοιι
401 4237 487 4313 άχουν
512 4236 632 4307 εὐάάνοις
656 4234 824 4310 δεδυκότες,
851 4237 1075 4299 stratonibus
1098 4239 1217 4302 dandis.

128 4345 168 4409 ut
197 4371 286 4413 nemo
318 4347 380 4411 fere
412 4348 493 4411 inter
523 4348 705 4413 recentiores
737 4346 868 4409 editores
892 4345 966 4407 haec
989 4345 1080 4409 verba
1104 4347 1218 4411 intacta

1082 4461 1119 4515 12
