2958 5238
823 441 883 500 128

302 644 367 714 τοὺς
391 645 515 716 τολίτας
539 645 586 708 καί
611 648 678 726 πρὸς
703 646 768 718 τοὺς
792 644 905 722 ξένους.
929 645 1128 722 θτι.’Λθνίννσι
1151 653 1282 712 τοσοῦτον
1299 648 1374 712 δύνα-

301 780 367 835 ται,
399 753 462 819 ὥσθ’
492 758 569 833 ὑμάς
600 759 665 829 τοὺς
691 756 817 835 αὐτούς,
843 758 906 839 περὶ
931 754 966 823 ὧν
989 757 1082 839 ὅρκους
1105 761 1293 839 ὀμωμόκατε,
1315 762 1374 837 ὑμῖν
1459 799 1460 802 =

301 869 399 938 αὐτοῖς
426 869 571 932 τάναντία
601 877 689 933 ποιεῖν
722 870 909 950 ψηφίζεσθαι.
956 870 1003 935 De
1034 873 1195 957 postremis
1218 879 1319 936 tacent
1339 872 1377 934 in·

301 984 455 1073 terpretes.
491 979 571 1044 Fieri
595 988 695 1066 potest
719 990 754 1046 ut
777 980 882 1058 fallar,
907 981 960 1044 sed
984 980 1096 1046 horum
1120 982 1272 1046 sententia
1293 983 1377 1066 irnpe-

300 1087 450 1152 ditissima
473 1097 526 1153 aut
550 1090 652 1175 potius
675 1091 761 1155 nulla
783 1091 921 1170 videtur,
950 1093 1010 1156 nisi
1033 1093 1196 1157 eiiciantur
1215 1092 1305 1156 verba
1318 1092 1376 1163 τοὺς

300 1200 415 1271 αὐτούς.
447 1200 578 1285 Egregia
602 1223 672 1264 vero
697 1202 764 1266 laus
781 1203 838 1266 erit
853 1202 1000 1267 Poliocho
1019 1203 1044 1266 si
1060 1203 1228 1268 ostenderit
1243 1210 1377 1281 „tantum

298 1334 353 1388 „se
380 1333 466 1397 posse
499 1312 644 1389 Athenis,
679 1319 714 1376 ut
745 1313 859 1376 efficere
890 1314 1004 1397 possit,
1033 1321 1069 1377 ut
1092 1315 1124 1378 in
1147 1315 1183 1378 iis
1211 1314 1319 1391 rebus,
1344 1313 1375 1376 de

298 1421 433 1507 „quibus
456 1424 645 1502 iuraveritiS,
670 1424 820 1489 vobismet
845 1425 920 1509 ipsis
943 1426 1095 1489 contraria
1119 1425 1319 1489 decernatis.'’

341 1536 358 1619 d
382 1536 432 1599 16.
479 1534 557 1611 άξιον
587 1536 615 1600 δὲ
642 1538 778 1614 μάλιστα
797 1539 944 1620 φθονῆσαι
969 1535 1011 1601 dri
1039 1535 1125 1608 οὕτως
1147 1538 1197 1613 ἤδη
1221 1540 1245 1602 οί
1269 1538 1308 1601 τά
1329 1546 1374 1610 τῆς

296 1631 407 1717 adarca
430 1646 605 1727 πράττοντες
626 1648 794 1712 διάκεινται.
834 1648 906 1712 Iure
928 1649 1034 1712 multis
1049 1650 1190 1728 Φθονῆσαι
1207 1648 1287 1711 illud
1302 1647 1374 1710 nude

296 1758 431 1841 positum
465 1768 639 1845 suspectum
674 1760 749 1838 fnit,
785 1762 921 1825 rhetores
953 1762 1034 1824 enim
1068 1760 1184 1824 invidia
1215 1759 1324 1845 dignos
1352 1758 1374 1820 si

283 1851 463 1954 'significare
483 1870 643 1948 voluisset,
661 1871 716 1934 hos
732 1872 835 1934 statim
854 1880 1127 1935 commemorasset.
1162 1872 1278 1935 Tamen
1294 1890 1373 1952 aegre

292 2003 378 2046 careo
402 1981 492 2046 verbo
515 1984 671 2062 φθονῆσαι,
697 1982 778 2067 quod
801 1982 909 2046 lectius
934 1990 984 2047 est
1001 1992 1031 2047 et
1048 1983 1272 2068 significantius
1288 2003 1371 2065 quarn

290 2093 458 2178 θαυμάσαι,
490 2096 700 2171 άνανακτῆσαι
732 2093 852 2177 (Dobr.)
885 2101 957 2169 aut,
991 2092 1074 2178 quod
1106 2093 1182 2157 mihi
1205 2092 1276 2156 coll.
1299 2094 1316 2176 t
1337 2072 1372 2152 ti

290 2204 455 2288 aliqnando
486 2204 618 2290 placuit,
649 2205 803 2283 βοηθῆσαι.
852 2204 946 2268 Porro
978 2204 1123 2282 διάκειμαι
1155 2226 1217 2268 non
1245 2211 1325 2267 recte
1346 2225 1373 2263 se

286 2316 400 2381 habet:
433 2323 478 2379 est
503 2320 627 2398 affectos
650 2339 728 2394 sum,
754 2340 786 2380 eo
808 2320 948 2381 redactus
972 2340 1055 2393 οαια;
1077 2316 1145 2397 τρίς
1169 2339 1235 2380 τινα
1258 2314 1307 2378 vel
1329 2338 1372 2377 rr:

290 2431 403 2509 referri
429 2431 485 2504 od;
515 2426 568 2490 sed
596 2450 627 2491 eo
645 2432 833 2512 potentiae
850 2433 977 2511 paroeat
998 2448 1060 2489 non
1089 2433 1135 2490 est
1157 2424 1228 2491 οὕτω
1252 2426 1373 2489 traaa-

289 2563 364 2616 μαι.
410 2537 589 2623 Legendum
613 2539 734 2603 videtur
757 2538 827 2615 άξιοι
852 2540 881 2602 δὲ
904 2538 1042 2616 μάλιστα
1064 2542 1214 2622 φθονῆσαι.
1263 2537 1309 2601 De
1331 2537 1371 2598 in·

289 2650 406 2713 finitivo
438 2653 536 2713 activo
567 2652 592 2714 si
624 2652 703 2715 tanti
732 2659 794 2728 est,
825 2651 863 2714 cf.
892 2674 1018 2734 gramm.
1053 2674 1120 2715 mea
1149 2653 1165 2735 t
1197 2652 1248 2713 55.
1277 2651 1315 2711 10
1345 2655 1371 2709 et

290 2783 360 2825 ann.
394 2763 445 2824 32.
492 2761 611 2825 Deinde
641 2764 665 2827 οἱ
697 2760 782 2834 οὕτως
812 2763 862 2838 ἤδη
891 2764 942 2827 τά·
961 2771 1013 2835 τῆς
1041 2763 1151 2833 πόλεως
1181 2762 1369 2840 πράττοντες,

287 2871 354 2936 ὥστ’
384 2874 442 2953 οὐχ
472 2898 499 2938 κ.
528 2898 554 2938 τ.
586 2874 608 2937 ἓ.
656 2874 694 2938 Οἱ
721 2880 767 2937 est
790 2873 961 2936 emendatio
983 2874 1016 2937 in
1040 2874 1175 2958 margine
1199 2871 1301 2958 posita
1323 2872 1366 2932 τοῦ

286 2981 344 3062 θοι,
369 2983 421 3047 sed
445 2984 543 3047 alieno
566 2984 632 3048 loco
651 2986 771 3048 inserta.
806 2983 852 3048 Of.
878 2985 916 3047 ad
941 2987 993 3048 25.
1013 2989 1040 3047 1.
1058 2984 1095 3048 In
1129 2984 1188 3047 fine
1205 2981 1365 3046 sententiae

286 3103 409 3179 propter
432 3097 632 3181 oppositionis
655 3097 892 3160 concinnitatem
914 3096 974 3179 άφ’
995 3092 1031 3160 ὧν
1054 3094 1090 3159 θον
1113 3133 1157 3142 —-
1179 3098 1280 3158 ταῦτα
1304 3113 1365 3155 con·

285 3206 440 3281 junctione
472 3206 674 3290 disiungenda
705 3230 765 3272 non
797 3207 938 3271 videntur
973 3207 1085 3289 (ταῦτα
1115 3204 1138 3268 t’
1170 3205 1291 3283 Baiter,
1322 3200 1364 3267 καί

298 3323 397 3382 ταῦτα
425 3315 547 3402 Cobet),
583 3318 667 3402 quod
693 3318 808 3381 factum
832 3316 869 3381 ab
893 3316 1062 3381 editoribus
1086 3339 1124 3380 ne
1147 3318 1231 3381 αὐτοί
1254 3317 1364 3380 soloece

286 3428 324 3493 ab
348 3438 465 3492 oratore
488 3429 604 3494 dictum
627 3438 713 3493 esset.
739 3429 861 3506 Vereor,
893 3436 928 3492 nt
960 3435 1065 3493 contra
1096 3442 1279 3491 consensum
1310 3426 1365 3488 Do·

285 3541 364 3617 broi,
397 3540 578 3618 Hamakeri,
608 3540 754 3618 Scheibii,
783 3539 892 3604 Cobeti
915 3541 1097 3604 sententiam
1121 3539 1293 3616 obtineam3
1315 3534 1362 3599 sed

284 3631 385 3715 tamen
405 3653 471 3730 hic,
493 3653 604 3736 siquis
628 3661 690 3730 est,
715 3653 910 3716 soloecismus
933 3675 995 3716 non
1014 3652 1058 3714 ita
1073 3650 1150 3715 mihi
1165 3648 1361 3714 intolerabitis

284 3771 346 3839 est,
378 3765 450 3846 quin
474 3772 596 3849 propter
619 3765 796 3848 gravitatem
821 3763 1024 3849 oppositionis
1048 3785 1066 3825 a
1087 3761 1179 3846 Lysia
1201 3760 1362 3824 admissum

284 3873 412 3938 credam.
450 3874 623 3938 Adiuvatur
646 3875 727 3938 enim
750 3874 836 3946 αὐτάς
860 3874 970 3959 part-im
996 3873 1154 3937 manifesta
1177 3870 1360 3956 oppositione

283 3980 352 4049 oum
381 3987 586 4072 superioribus
615 3990 672 4067 οὐχ
694 3987 754 4051 ὅτι
778 3985 814 4051 άν
836 3995 878 4068 τῇ
901 3985 1003 4051 τθλει
1026 3984 1179 4062 βέλτιστον
1202 3981 1232 4064 ᾖ,
1255 3980 1357 4066 partim

282 4119 317 4159 eo
349 4098 431 4180 quod
459 4097 629 4161 subiectum
660 4098 760 4175 ὑμεῖς,
790 4095 873 4180 quod
901 4093 975 4159 οὗτοι
1005 4094 1191 4179 postularet,
1223 4099 1292 4179 post
1313 4112 1359 4174 po

281 4207 381 4284 nitur3
417 4207 547 4292 denique
576 4207 658 4291 qnod
689 4205 780 4270 verba
802 4205 886 4271 ταῦθ’
910 4208 991 4284 ὑμεῖς
1014 4205 1175 4288 ψηφίζεσθε
1198 4203 1278 4267 idem
1302 4202 1357 4264 fere

210 4392 213 4398 ι
287 4318 459 4401 significant
489 4326 580 4405 atque
611 4324 711 4383 ταῦτα
742 4319 840 4400 ῥαδίως
863 4317 1096 4396 διαπράττονται.
1280 4400 1283 4407 ¹

322 4431 339 4513 d
359 4432 411 4495 23.
453 4433 493 4504 είς
511 4432 576 4503 τοὺς
595 4428 666 4496 οὕτω
685 4429 920 4508 πολιτευομένους
941 4429 1008 4509 ὑπὲρ
1030 4438 1083 4504 τῆς
1105 4427 1251 4498 πολιτείας
1267 4421 1353 4502 draci
