2958 5238
599 477 638 541 77

83 683 152 748 diuis
170 702 262 746 eausa
278 700 429 744 accusare.
461 674 572 762 Neque
594 675 628 740 in
651 675 744 760 Ager.
769 675 835 758 (18)
858 675 875 759 ὑ
899 675 939 737 89
964 693 1095 758 agnosco
1118 672 1162 736 in-

83 793 243 859 versionem
265 789 368 868 illam;
392 786 462 869 άρκοι
485 787 534 853 καὶ
560 787 694 861 σννὺἥιιαι
718 807 781 886 nun
797 790 918 850 exstant
932 785 994 849 nisi
1009 807 1026 849 a
1042 784 1162 849 duabus

84 903 213 992 partibus
245 902 324 967 inita
331 928 340 981 3
374 922 451 985 quae
483 899 661 985 pepigerant
691 898 714 962 οἱ
742 901 771 963 ἐν
799 903 928 977 Πειραιεῖ
954 899 1022 978 πρὸς
1045 899 1111 970 τοὺς
1134 898 1163 961 ἕν

85 1015 159 1082 ἄστει
183 1016 210 1100 (b
234 1015 307 1098 88),
332 1034 367 1077 ea
390 1011 571 1096 obligabant
594 1011 685 1074 etiam
709 1009 774 1082 τοὺς
798 1011 826 1074 ε’ν
848 1007 931 1074 άστει
954 1009 1022 1089 πρὸς
1047 1010 1112 1081 τοὺς
1135 1011 1164 1074 ἐν

85 1133 208 1205 Πειραιεῖ.
250 1124 334 1188 Talis
363 1123 456 1188 etiam
483 1122 560 1186 ratio
588 1121 689 1184 estin
712 1120 869 1186 διακεῖσθαι
892 1119 960 1202 πράς
984 1144 1048 1185 τινα
1070 1121 1088 1204 ὑ
1111 1120 1163 1184 82.

86 1236 160 1317 Quid
184 1235 246 1300 hue
268 1235 361 1299 faeiat
384 1234 417 1298 in
440 1232 508 1296 Ale.
532 1230 551 1296 I
574 1233 650 1316 (la).
677 1231 776 1312 2rrpdr
791 1230 856 1303 τοὺς
876 1229 1006 1312 πατέρας
1026 1230 1165 1306 ὑριῖνὺια-

86 1353 168 1431 Φοράς
199 1347 389 1429 ὑπαρχούσης
420 1366 483 1408 non
514 1365 674 1429 assequ013
704 1366 775 1408 nam
805 1342 956 1408 sententia
984 1348 1045 1408 est:
1070 1363 1166 1426 quum

86 1468 185 1524 mutuo
208 1458 280 1523 odio
304 1457 382 1523 alter
404 1456 529 1520 alterius
550 1462 670 1542 patrem
693 1454 950 1533 insectaremur,”
973 1475 1052 1531 non,
1074 1459 1110 1516 ut
1125 1451 1166 1516 D.

87 1570 165 1648 uult,
187 1575 244 1635 τῶν
267 1569 398 1651 πατέρων
421 1567 489 1649 πρὸς
514 1569 673 1643 άλλήλονς.
721 1566 758 1630 Ιιι
783 1589 874 1651 quam
899 1565 1080 1631 sententiam
1098 1564 1166 1647 quis

89 1679 188 1745 dixerit
218 1682 345 1764 διαφορά
375 1677 502 1761 ὑπάρχει
534 1681 601 1760 πρὺς
628 1679 694 1751 τοὺς
718 1677 871 1760 πατέραςΡ
917 1676 977 1742 Pro
999 1677 1071 1741 bon.
1094 1673 1165 1739 Nic.

90 1794 120 1857 ir.
142 1795 205 1879 (18)
230 1795 381 1858 6ετοιαὺτ’
404 1789 546 1871 ἐνομίζετο
569 1790 610 1855 τά
631 1789 792 1872 ὑπάρχοντ’
815 1792 894 1871 αὑπῷ
917 1789 985 1871 πρὸς
1008 1788 1041 1853 τὸ
1065 1788 1166 1866 ὑμέτε-

15 1942 16 1945 ι
90 1927 126 1984 ρον
147 1906 252 1981 πλῆθος
277 1900 349 1968 εἶναι
374 1901 423 1967 καὶ
447 1901 493 1966 διά
516 1902 581 1974 τοὺς
604 1897 755 1982 προχάνονς
779 1901 827 1966 καὶ
851 1900 885 1964 δι’
902 1901 1007 1976 αὐτόν,
1031 1899 1100 1967 άστ)
1118 1904 1168 1967 οὑκ

91 2013 121 2080 άν
141 2015 201 2080 ποθ’
224 2014 325 2095 ἑτέρας
349 2014 525 2090 ἐπιθυμῆσαι
549 2013 698 2083 πολιτείας
718 2000 885 2097 ¹significari
905 2035 977 2078 sane
992 2013 1090 2098 possit
1104 2019 1170 2077 tan·

91 2131 149 2190 turn
178 2149 196 2189 a
226 2125 349 2189 civitate
381 2122 428 2186 iili
451 2121 572 2200 deberi,
596 2129 682 2187 tanta
703 2123 792 2188 illum
816 2146 834 2187 a
855 2123 977 2189 civitate
1001 2125 1151 2210 accepisse
1158 2150 1167 2201 3

94 2236 139 2300 sed
160 2235 320 2321 sequentia
335 2235 361 2298 si
377 2235 514 2299 conferas
531 2242 656 2321 apparet
671 2235 762 2300 verba
776 2236 946 2321 significare
961 2234 1043 2322 quod
1058 2243 1168 2300 sonant

95 2346 234 2429 (μεγάλας
267 2346 400 2428 εἰσφοράς
430 2347 618 2427 εἶςεννρνοχάσι
641 2373 666 2412 κ.
689 2373 717 2412 τ.
741 2347 777 2433 ἓ.)
817 2346 924 2433 Longe
946 2348 1042 2433 igitur
1064 2347 1096 2411 in
1120 2347 1168 2411 his

99 2460 182 2524 uerbis
209 2458 331 2545 (ἔχθρα,
356 2457 531 2534 διακεῖσθαι,
556 2456 698 2541 ὑπάρχειν
721 2459 809 2545 πρός)
825 2459 884 2524 alia
905 2461 983 2525 ratio
1007 2432 1059 2524 estx
1076 2482 1168 2544 quam

98 2570 122 2634 in
144 2572 301 2654 ἔγκλημα,
326 2569 409 2654 quod
431 2569 617 2635 vocabulum
638 2593 701 2636 non
724 2572 893 2637 necessario
915 2580 1055 2636 mutuam
1078 2572 1170 2635 aetio·

97 2702 154 2746 nem
182 2683 344 2768 signifieat.
390 2681 504 2746 Tamen
534 2691 571 2746 nt
600 2682 684 2762 loce,
716 2683 797 2748 unde
828 2683 981 2769 digressus
1005 2706 1091 2762 sum,
1115 2704 1170 2769 pro

97 2789 183 2859 Mani.
207 2796 285 2880 (16).
312 2796 351 2858 10
375 2793 505 2877 iegitur:
538 2794 586 2857 aui
616 2796 684 2875 πρὸς
707 2793 903 2866 redundatura
927 2794 998 2860 οὑτω
1017 2795 1169 2873 βεβίωκα,

97 2900 160 2968 άστε
188 2904 381 2982 μηδεπώποτέ
411 2927 459 2982 μοι
490 2903 563 2981 μηδὲ
591 2905 657 2987 πρὸς
680 2901 732 2969 ἕνα
754 2905 841 2982 μηδὲν
864 2904 1005 2983 ἔγκλημα
1026 2906 1169 2984 γενέσθαι.

98 3011 202 3080 Verum
231 3017 287 3081 illo
309 3016 377 3080 loeo
401 3017 468 3096 πρὸς
491 3014 609 3079 dietum
632 3022 708 3100 puto
732 3039 803 3101 pro:
828 3022 946 3082 ratione
970 3022 1098 3083 alieuius
1121 3022 1173 3083 άιν

95 3125 164 3212 aaa,
194 3151 269 3212 οσρο
297 3129 367 3212 (,‚ut
398 3149 487 3191 nemo
510 3149 657 3212 umquam
681 3127 848 3213 quidquam
872 3127 948 3193 mihi
971 3129 1117 3194 obiecerit
1139 3131 1169 3194 in

97 3260 144 3313 „se
165 3238 401 3321 commissum.”)
436 3237 509 3302 Tale
532 3260 602 3303 vero
626 3238 702 3323 quid
725 3238 810 3304 loeus
826 3241 858 3304 in
874 3240 1093 3305 Theomnestea
1108 3263 1171 3305 non

98 3347 239 3428 admittit,
272 3350 304 3412 in
335 3371 396 3433 quo
428 3371 488 3412 non
521 3350 622 3434 agitur
645 3349 683 3414 de
706 3350 812 3415 officiis
835 3352 951 3416 civitati
974 3353 1172 3438 praestandis,

100 3456 197 3548 Quare
214 3460 259 3525 ibi
281 3458 444 3544 legendum
469 3467 543 3543 putu
565 3461 632 3540 πρὸς
657 3462 744 3539 ὑμῶν.
791 3461 915 3540 Haesit,
937 3463 1059 3548 opinor,
1081 3464 1175 3548 epito-

101 3579 188 3633 mator
218 3592 360 3655 qnoque,
393 3569 446 3653 qui
479 3571 496 3654 b
525 3572 543 3634 8
575 3570 642 3651 πρὸς
674 3572 753 3650 ὑμᾶς
784 3574 904 3651 omisit,
929 3596 966 3638 ex
989 3597 1050 3658 quo
1073 3583 1201 3639 tamen.

101 3679 210 3745 nullum
233 3672 290 3767 pro
312 3702 380 3744 mea
403 3681 578 3745 coniectura
602 3693 815 3767 argumentum
839 3685 1022 3770 petendum;
1047 3686 1175 3749 correxit

103 3789 174 3871 qued
196 3791 386 3871 inveniebat,
410 3799 445 3857 ut
468 3792 560 3878 paulo
583 3801 652 3878 post
675 3817 711 3859 ex
723 3795 855 3860 formula
870 3796 1175 3875 οοιιωιοιιλίιβελτίων

104 3897 148 3964 καὶ
168 3902 199 3968 ἔκ
218 3904 375 3983 βελτιόνων
398 3904 447 3988 (ef.
471 3905 644 3990 oppositum
668 3906 764 3978 δοῦλος
776 3908 825 3972 καὶ
837 3900 997 3994 εἰιὺοὑλων)
1008 3909 1067 3973 tria
1078 3915 1176 3993 poste-

106 4009 177 4076 riura
198 4014 347 4081 voeabula
369 4016 480 4079 omisit.

143 4124 228 4207 bid.
276 4113 492 4204 Ἀναρινάσάιρτε
515 4129 539 4191 δ’
567 4127 609 4193 dre
625 4127 769 4207 ’ροεγάλιρν
791 4130 840 4194 καὶ
863 4131 956 4204 καλὺρν
973 4131 1079 4205 ἐκείνων
1095 4130 1175 4211 δῶρον

108 4233 176 4314 αὐτῷ
197 4236 354 4301 δεδώκατε·
379 4239 408 4302 ἐν
431 4235 449 4320 ᾖ
470 4239 515 4310 τίς
538 4242 587 4305 οὐκ
611 4238 647 4304 άν
670 4239 796 4314 ε’λεάσειε
815 4239 957 4306 Διονύσιον
978 4267 1005 4307 κ.
1025 4267 1053 4308 τ.
1075 4244 1097 4308 ἕ.
1127 4240 1176 4305 sie

110 4337 185 4422 libri;
212 4346 341 4413 editores
370 4371 425 4434 pro
448 4350 527 4432 δῶρον
551 4351 779 4416 substituerunt
801 4351 913 4432 δωρεάν.
960 4352 1110 4417 Dubitare
1133 4359 1177 4417 ta-

112 4458 257 4525 mendicet
281 4483 319 4525 an
341 4461 374 4524 in
397 4471 577 4528 EKEINHN
600 4464 694 4529 lateat
716 4472 870 4529 NEIKHN
886 4465 905 4527 i.
923 4486 948 4528 e.
965 4466 1051 4540 νίκην.
1083 4471 1176 4549 Δῶρον

1100 4702 1116 4734 Ι
