2958 5238
628 487 668 551 ee
795 439 803 453 .,

450 714 507 758 xli.
537 717 603 759 Kar’
624 718 847 759 BPATOEOENO‘OE·

149 905 180 970 si
207 905 386 991 Alphonsus
422 904 543 971 Hecker
571 903 621 989 (dc
644 911 720 968 orat.
744 905 777 969 in
799 903 955 969 Eratosth.
978 903 1088 989 Lysiae
1112 904 1188 971 falso

107 1017 237 1096 tributa,
263 1039 363 1102 progr.
386 1015 497 1101 Gymn.
514 1014 601 1081 Leid.
619 1037 645 1083 a.
666 1018 850 1099 leot-48)
866 1016 1054 1101 cognovisset
1069 1014 1190 1087 Scheibi

107 1128 262 1207 libellum,
298 1128 352 1212 qui
382 1127 576 1193 inscribitur:
609 1127 658 1193 die
688 1127 908 1213 oligarchische
930 1126 1130 1213 Umwttlnung
1152 1150 1190 1192 uu

108 1241 225 1320 Athen,
259 1240 363 1326 Leipn.
397 1242 500 1318 1841,
525 1241 562 1305 dc
585 1240 742 1307 nonnullis
766 1263 844 1326 quae
868 1239 907 1307 ad
930 1240 1190 1329 opportunitatem

109 1352 196 1418 huius
226 1352 373 1417 orationis
402 1351 572 1437 pertinent,
604 1352 732 1416 fortasse
759 1351 846 1416 aliter
868 1350 1072 1417 iudicavisset.
1117 1351 1191 1421 Era-

109 1464 262 1528 tosthenes
294 1470 324 1528 et
353 1461 453 1527 Phido
477 1484 513 1527 ex
536 1461 662 1546 triginta
684 1462 756 1527 viris
780 1462 812 1526 in
835 1462 998 1547 collegium
1022 1463 1124 1531 decem
1148 1464 1189 1531 vi·

109 1595 225 1653 rorum,
252 1573 337 1659 quod
359 1574 538 1639 institutum
562 1596 597 1641 ee
620 1595 690 1658 spe,
714 1583 751 1637 ut
772 1572 852 1639 duae
868 1581 969 1659 partes
985 1573 1193 1643 Piraeensium

110 1686 361 1755 erraveram
384 1685 637 1763 conciliarentur,
658 1684 766 1751 adsciti
786 1692 877 1763 sunt3
897 1685 1008 1770 reliqui
1020 1708 1056 1753 ex
1067 1688 1194 1773 triginta

111 1799 177 1862 viris
198 1797 350 1863 Eleusina
372 1803 603 1875 concesserunt,
627 1798 718 1862 rebus
742 1798 805 1863 suis
821 1796 1002 1863 diffidentes.
1037 1796 1194 1864 Libertate

111 1908 216 1975 dende
232 1910 389 1988 restituta,
408 1909 624 1977 Eratosthenes
639 1919 671 1974 et
682 1908 796 1988 Phido,
810 1910 948 1994 quamvis
961 1909 1057 1979 altero
1069 1932 1192 1994 quoque

111 2022 289 2105 magistratu
312 2044 420 2107 parum
444 2045 475 2087 se
498 2020 654 2106 popularis
669 2021 789 2106 imperii
804 2021 938 2086 fautores
954 2021 1192 2109 praestitissent,

111 2139 207 2200 tamar
240 2133 310 2197 ausi
340 2140 412 2197 sunt
443 2133 634 2199 clementiam
657 2132 769 2196 civium
791 2153 915 2197 suorum
940 2132 1090 2217 experiri„
1109 2131 1192 2216 quod

112 2243 302 2327 impunitatis
333 2243 394 2328 legi
427 2243 595 2309 decaduchi
625 2265 687 2307 non
718 2243 829 2307 exemti
851 2251 960 2308 essent.
995 2242 1073 2338 'lum
1096 2244 1193 2328 igitur

112 2352 230 2439 Lysias,
272 2355 443 2440 inquilinus
472 2357 620 2437 ἰσοτελής,
657 2353 868 2421 Eratosthenis
898 2354 1027 2419 audacia
1056 2354 1190 2419 oblatam

11 2516 12 2537 2
114 2465 165 2535 sibi
195 2466 459 2551 opportunitatem
489 2466 619 2552 arripuit
642 2463 809 2530 ulciscendi
832 2465 934 2530 fratris
958 2465 995 2530 ab
1019 2488 1054 2531 eo
1078 2464 1194 2531 indicta

11 2647 12 2651 ,
114 2598 199 2643 eausa
221 2577 385 2647 interlecti.
427 2576 531 2661 anue
556 2599 647 2647 causa
668 2577 771 2662 egitur
793 2582 957 2662 antequam
979 2576 1114 2669 Eleusis,
1132 2599 1193 2663 quo

114 2689 306 2774 perfugerant
329 2690 353 2754 ei
375 2688 547 2768 spectatura,
572 2697 661 2773 cepta
683 2697 737 2759 est.
773 2687 989 2755 Eratosthenes
1005 2696 1110 2759 utrum
1125 2710 1196 2755 con·

114 2799 272 2869 ismuatns
295 2800 368 2886 fuga
391 2799 450 2864 sibi
473 2799 635 2871 consulens
658 2798 785 2883 reliquis
807 2798 934 2882 triginta
954 2799 1026 2865 viris
1041 2821 1073 2865 se
1089 2798 1197 2869 adiuu-

115 2913 188 2977 xerit
203 2933 372 2996 eorumque
387 2911 543 2982 adversm
559 2919 671 2975 sortem
687 2911 728 2974 sit
744 2916 903 2995 expertus,
920 2932 959 2974 an
974 2931 1045 2975 vero
1064 2910 1195 2981 Athenis

117 3031 217 3105 postea
240 3021 431 3109 aliquamdiu
455 3022 580 3099 vixerit,
605 3043 668 3085 non
683 3020 781 3085 habeo
797 3020 906 3089 dicere.
942 3019 1056 3089 Verum
1074 3029 1195 3091 tanturn

117 3142 257 3219 apparet,
281 3135 400 3205 etiamsi
424 3134 471 3198 vel
494 3134 624 3201 maxime
646 3133 698 3197 illc
722 3140 752 3198 et
775 3131 875 3196 Phido
898 3155 914 3196 e
937 3132 1127 3218 reliquorum
1141 3157 1197 3198 nu-

117 3266 195 3313 mero
226 3247 339 3317 measti
368 3246 499 3324 luerint,
530 3254 634 3317 temen
663 3245 800 3329 potuisse
823 3244 984 3328 scriptores
1011 3244 1049 3309 de
1071 3245 1198 3329 triginta

118 3358 239 3427 omnino
262 3357 385 3434 reterre,
411 3379 505 3441 quae,
531 3357 557 3420 si
576 3378 640 3423 rem
655 3355 817 3440 diligenter
832 3354 998 3438 exprimere
1013 3354 1197 3434 voluissent,

11 3452 13 3455 ’
120 3468 155 3531 ad
176 3468 408 3553 duodetriginta
430 3467 616 3552 pertinerent
640 3465 729 3550 (Xan.
753 3465 836 3537 Heli.
858 3464 901 3530 ΙΙ.
927 3469 957 3529 4.
975 3468 1035 3543 38,
1057 3465 1197 3537 Philoch.

11 3616 13 3675 ζ
121 3579 197 3665 apud
225 3580 375 3665 Harpocr.
407 3603 435 3647 v.
466 3586 600 3658 πομπεῖα
607 3628 616 3661 ,
647 3577 774 3647 Andoc-
792 3580 819 3641 1.
846 3579 906 3654 15,
931 3577 984 3660 qui
1007 3599 1085 3661 quae
1108 3579 1200 3649 refert

11 3678 13 3733 i
122 3686 156 3757 tie
176 3692 303 3763 esther
327 3689 435 3757 dandis
459 3690 612 3775 portinent
635 3688 674 3752 ad
696 3689 762 3761 cois
785 3683 901 3770 tutem,
926 3709 988 3751 non
1012 3687 1050 3751 ad
1072 3689 1200 3775 triginta

124 3800 217 3887 uros).
233 3800 303 3870 ,sed
331 3802 438 3885 utique
462 3800 566 3866 habita
590 3806 635 3864 est
658 3799 734 3875 haec
748 3797 844 3865 oratio
856 3803 927 3863 ante
942 3796 1117 3865 Eleusinem
1133 3821 1200 3884 cap·

123 3916 179 3981 tam
218 3921 251 3981 ct
286 3911 495 3983 Eratosthenis
537 3910 667 3995 collegas
698 3908 890 3986 interlectos3
928 3908 1067 3979 futurum
1096 3917 1201 3995 ‚sperat

125 4029 235 4101 orator,
266 4032 303 4089 nt
332 4024 370 4095 ab
399 4023 447 4095 his
476 4043 589 4107 poenas
622 4026 762 4105 repetant
791 4018 1011 4097 Athenienses,
1043 4020 1075 4093 in
1107 4043 1199 4105 quam

127 4141 235 4215 partem
264 4133 346 4209 diota
376 4134 491 4218 accipio
519 4134 537 4218 t
561 4135 616 4203 lt:
648 4131 707 4208 ἥκει
734 4132 829 4209 καιρὸς
852 4131 881 4195 ἐν
902 4124 923 4211 ᾧ
946 4130 990 4195 δεῖ
1007 4132 1089 4211 nepa
1112 4135 1198 4207 'Ere

126 4244 261 4318 entenic
288 4245 337 4319 ιινιὶ
361 4252 416 4313 τῶν
437 4241 553 4319 sesceni
571 4242 770 4323 συναρχόντων
791 4241 869 4317 δίκην
890 4240 1007 4319 λαβεῖν.
1053 4240 1096 4315 Et
1118 4263 1196 4326 quae

129 4350 162 4421 tle
175 4356 300 4441 triginta
314 4357 386 4422 viris
402 4357 434 4431 in
450 4356 626 4427 universum
642 4354 718 4419 dicit
732 4355 748 4438 q
761 4355 817 4416 80:
833 4352 906 4431 peta
920 4353 1067 4434 sacrm
1082 4356 1199 4437 ἀφῆτε.

130 4468 195 4542 μηδὲ
216 4477 268 4544 etc
290 4479 403 4556 τννινῑι,
422 4468 444 4546 :l
464 4470 610 4541 τνύτινς
632 4467 778 4549 παρέδωκε
799 4474 837 4547 τῇ
860 4464 941 4535 πόλει
966 4488 1021 4551 per
1039 4465 1204 4551 amplitice-
