2958 5238
717 457 866 519 *st
1075 470 1201 501 ἰ

302 659 342 729 εἰς
364 656 414 722 τὸν
438 655 540 723 ἔπειτα
562 656 662 736 χρόνον
683 655 730 721 ru
748 655 862 728 παύτας
878 655 1046 733 γίγνεται
1062 654 1137 721 ι’ίλλο
1153 655 1170 732 ἢ
1185 655 1298 737 χαίρειν
1310 654 1390 738 (τὸν)

301 767 426 847 ἔχοντα,
451 765 506 830 ubi
528 763 583 830 κθιν
604 766 742 843 γίγνηται
765 764 948 831 deteriorum
971 766 1119 830 librorum
1142 773 1197 830 est.

345 877 390 941 Ut
413 876 615 943 Herwerdeuo
637 875 691 940 illo
713 875 762 940 καὶ
775 875 835 941 θοίν.
848 879 916 942 αὐτ.
928 901 996 942 κατ.
1009 877 1052 940 sio
1064 875 1199 962 Kaysero
1216 898 1338 962 quoque
1352 876 1389 938 in

301 988 464 1073 Philologo
476 987 533 1051 XI.
548 1011 578 1072 p.
594 990 656 1050 lot
669 987 883 1071 quaedamsed
896 987 956 1052 ulio
970 988 1003 1052 in
1019 987 1075 1052 hoo
1091 988 1158 1072 ipss
1169 988 1303 1052 sectione
1313 1009 1390 1072 sup·

300 1100 442 1186 positiois
472 1099 614 1164 videntur
621 1125 630 1176 ;
659 1098 752 1184 vulgo
780 1099 861 1163 enim
890 1098 1004 1184 legitur
1025 1098 1171 1179 Φνγθντες
1194 1098 1254 1178 pop
1281 1097 1389 1162 ἐνθένδε

299 1213 356 1278 καὶ7
371 1214 407 1277 οὐ
429 1209 699 1292 συλληφθέντες
722 1235 765 1289 γε
788 1209 865 1294 (MS.
889 1211 930 1294 δὲ)
954 1210 1020 1276 οὐθ’
1044 1208 1303 1297 ὑπομείναντες
1321 1210 1386 1276 τύν

225 1307 228 1312 ’
298 1325 427 1406 κρίσιν,
462 1322 650 1393 κατελθόντες
680 1320 740 1385 ὐπὸ
767 1328 864 1395 Φυλῆς
886 1326 1026 1398 τιμῶνται
1050 1321 1101 1404 W
1121 1320 1202 1417 ὐμῶν
1224 1322 1262 1392 ὡς
1286 1317 1384 1398 ἄνδρες

297 1434 403 1512 οίγαθο)
427 1433 519 1516 ὄντες,
544 1433 577 1496 in
600 1433 712 1517 quibus
735 1432 827 1497 verbo
848 1431 982 1497 diductis
1005 1431 1115 1495 litteris
1139 1452 1282 1516 expresso
1303 1431 1384 1495 eiici-

299 1546 378 1612 oudo
399 1552 498 1631 putot.
544 1543 654 1608 Fateor
684 1543 826 1629 equidem
854 1550 955 1607 totum
985 1543 1087 1608 locum
1110 1566 1175 1607 esse
1198 1543 1382 1620 verbosnm3

299 1682 402 1725 verum
426 1659 470 1722 itu
492 1657 530 1722 ab
552 1666 672 1721 oratore
695 1655 835 1720 relietum
858 1677 923 1719 esse
945 1651 1291 1740 neglegensstruoturo
1305 1654 1382 1718 iudi·

297 1795 365 1836 oare
395 1769 525 1833 videtur.
572 1767 778 1831 Anoooluthia
806 1768 887 1831 euim
917 1767 1015 1845 inest,
1048 1789 1140 1852 quem
1168 1766 1284 1830 frustra
1306 1765 1381 1860 Her-

297 1883 454 1949 werdenus
485 1878 560 1944 mihi
590 1870 742 1943 removere
774 1879 876 1943 uoueri
903 1877 1033 1942 videtur.
1079 1877 1129 1941 Its
1152 1878 1310 1941 terminari
1331 1900 1380 1962 pe·

298 1993 401 2059 riodus
419 1991 549 2057 debebat
564 1992 588 2058 oi
608 1992 633 2056 θ’
647 1994 755 2060 αὐτῶν,
773 1991 983 2072 περιγενθμενοι
1000 1991 1050 2055 καί
1069 1989 1220 2064 σωθέντες,
1232 1990 1378 2071 Φνγθντες

297 2112 436 2184 τιμῶνται
464 2099 522 2183 W¹
545 2104 623 2181 ὑμῶν
644 2105 681 2175 or
703 2102 800 2184 ἄνδρες
822 2101 927 2179 ὐγαθοὶ
950 2101 1037 2174 ὄντες,
1076 2100 1169 2165 Nunc
1191 2090 1379 2186 interpositis

296 2214 500 2302 quibusdem,
529 2215 562 2277 in
595 2212 706 2297 quibus
738 2216 755 2288 ἧ
786 2213 815 2278 δὲ
837 2214 917 2293 πύχκ
941 2212 990 2277 καί
1013 2213 1026 2277 ὁ
1049 2212 1158 2288 δαίμων
1181 2213 1376 2292 περιεποίησε,

296 2333 459 2413 postremo,
483 2346 560 2409 quse
584 2323 732 2408 spodosiu
751 2323 865 2389 efficere
883 2322 1043 2401 debebunt,
1057 2324 1196 2408 apposito
1212 2321 1272 2403 γοθρ
1288 2320 1377 2386 simul

294 2444 440 2521 tanquam
463 2457 555 2498 causo
576 2433 660 2498 illius
684 2434 767 2498 effati
790 2434 969 2513 offerentum
992 2435 1026 2501 in
1048 2435 1110 2519 qud
1133 2456 1196 2497 nou
1218 2433 1315 2518 magis
1336 2431 1378 2494 of-

293 2547 385 2613 fendo
409 2568 500 2631 quam
523 2547 555 2609 in
580 2546 772 2631 oppositione
795 2547 924 2631 protasis
948 2555 979 2610 et
994 2545 1135 2630 spodosis
1152 2568 1206 2631 per
1221 2545 1265 2628 δὲ,
1283 2566 1376 2629 quse,

295 2658 457 2745 praecipue
479 2665 550 2742 post
572 2653 670 2734 οὗτος,
694 2657 738 2720 ito
760 2657 901 2742 frequens
926 2664 988 2734 est,
1013 2663 1050 2720 nt
1071 2678 1161 2720 nemo
1183 2655 1272 2721 faoile
1295 2656 1328 2720 in
1342 2675 1376 2716 eo

294 2769 443 2833 hausurus
466 2768 507 2832 sit
531 2768 587 2849 (sio
610 2769 693 2833 οὐλλιί
716 2768 810 2832 Isoor.
837 2771 887 2832 16.
913 2770 976 2853 36).
1017 2766 1110 2848 Quod
1126 2766 1288 2852 proposuit
1303 2764 1375 2830 Her-

293 2879 450 2945 uerdonns
473 2881 497 2944 οἱ
523 2879 547 2944 θ’
568 2881 661 2944 αὐτῶν
684 2881 898 2961 περιγίγνονται
921 2880 1056 2949 σωθέντες
1080 2879 1146 2962 (out
1168 2879 1246 2964 ἔνιοι)
1272 2898 1373 2942 omnes

294 3013 401 3055 nervos
425 2991 571 3054 orationis
595 2990 699 3068 elidit,
728 2990 903 3076 compositis
927 3012 997 3054 oum
1019 2991 1042 3054 οἱ
1066 2991 1119 3068 μὲν
1138 2989 1226 3070 μείζω
1250 2991 1303 3065 τὴν
1324 2987 1372 3053 πθ·

292 3117 338 3167 λιν
361 3100 520 3181 παρέδοσαν
527 3150 537 3179 ,
560 3102 585 3165 οί
607 3101 636 3164 δὲ
659 3088 828 3165 οὐδεπώποθ’
850 3100 985 3179 οὐδεμίαν
1007 3102 1103 3166 αἰτίαν
1123 3102 1251 3182 αἰσχρὰν
1268 3099 1370 3182 ἔσχον,

293 3211 411 3296 frigidis
442 3211 504 3275 illis
527 3213 551 3276 οἱ
571 3211 601 3275 δὲ
624 3212 855 3290 περιγίγνονται,
880 3234 958 3297 quae
979 3213 1106 3277 minime
1128 3219 1222 3297 eaput
1243 3213 1286 3277 rei
1307 3233 1371 3275 ooo·

292 3323 401 3388 tinent.
425 3361 470 3373 -
499 3323 589 3387 Doot.
622 3323 831 3401 Helbertsma,
863 3323 1027 3409 Bijdragen
1056 3331 1103 3388 tot
1133 3323 1171 3388 de
1194 3324 1302 3388 keunis
1321 3323 1377 3385 der

292 3433 542 3499 Nederlandsohe
565 3433 769 3519 (ipmuasiem
796 3437 1030 3513 1862-1863,
1055 3438 1167 3521 9.,164
1188 3443 1306 3521 praeter
1320 3433 1370 3497 illu

293 3565 371 3630 quae
394 3543 529 3630 Kaysero
553 3553 584 3611 et
606 3545 809 3613 Hermerdeuo
833 3549 992 3634 supposita
1006 3548 1166 3626 videntur,
1184 3549 1275 3612 etium
1292 3543 1369 3610 oiioit

291 3655 438 3733 Φνγθντες
468 3658 528 3740 γθιρ
557 3658 662 3724 ἐνθένδε
691 3660 750 3724 καί.
797 3659 877 3724 Mihi
906 3661 1049 3725 oousnlto
1080 3659 1242 3745 partieipia
1263 3679 1370 3724 eumu-

292 3766 370 3830 losse
392 3767 513 3832 videtur
536 3776 647 3833 orator.

335 3879 426 3962 qdd.
472 3877 577 3958 Telos,
602 3888 663 3945 tam
688 3882 823 3966 egregios
847 3882 944 3960 cives,
969 3882 1069 3968 pergit
1091 3895 1211 3961 orator,
1229 3883 1286 3946 iste
1301 3880 1368 3945 hino

292 3988 410 4053 exsules
430 3989 534 4075 abegit
551 3992 705 4075 (φογοίθας
716 3993 842 4058 ε’νπεύθεν
854 3993 967 4069 ε’ποίνοε
983 3993 1020 4057 of.
1034 4016 1126 4078 supro
1138 4015 1207 4079 pug.
1222 3995 1275 4077 81)
1283 4019 1292 4071 ;
1308 3991 1367 4075 ipse

291 4100 391 4184 qualis
410 4100 534 4166 tandem
554 4102 621 4166 est?
645 4102 775 4187 Oportet
793 4127 841 4168 me
853 4126 906 4168 vos
918 4105 1060 4169 certiores
1071 4105 1186 4183 iuuere,
1204 4126 1322 4170 servum
1335 4099 1366 4165 il·

291 4212 356 4276 lum
373 4219 406 4276 et
429 4235 466 4278 ex
488 4214 581 4278 servis
597 4223 705 4280 natum
720 4238 794 4281 esse.
817 4215 919 4297 Τοθπω
929 4217 983 4295 μὲν
994 4217 1053 4297 γθιρ
1065 4218 1162 4298 πατὴρ
1173 4212 1206 4292 ἦν
1217 4215 1365 4295 Εὐμάθης,

290 4325 435 4401 ε’γθνετο
463 4324 487 4389 θ’
515 4327 528 4390 ὁ
555 4327 725 4408 Εὐαοίρκς
752 4324 851 4400 οὗτος
874 4329 1094 4399 Νικοκλέους
1116 4327 1175 4393 καί
1199 4323 1366 4393 Ἀντικλέ-

289 4461 355 4507 ους.
400 4436 459 4501 Καί
484 4460 532 4513 μοι
554 4437 689 4515 οὐνοίβκτε
711 4440 862 4520 μαρτυρες.
899 4437 1028 4516 Vereor,
1056 4461 1095 4503 ue
1118 4437 1200 4502 idem
1223 4438 1277 4523 qui
1299 4457 1365 4522 pou·
