2958 5238
103 710 335 790 ΑσοΙισοννοοιιο,
370 708 611 785 Protomaehus,
647 707 832 793 Thrasylus,
865 708 1063 790 Aristogenes
1096 704 1191 789 (Hell.

102 820 128 883 I.
154 822 183 882 5.
211 823 276 891 16).
322 819 370 882 Ex
401 820 448 883 his
472 825 542 902 post
565 818 715 902 proelium
740 818 848 882 navale
872 817 911 880 ad
933 817 1105 899 Mytilenen
1130 838 1193 900 ges·

102 938 168 994 tum
191 930 278 994 Leon
303 953 373 994 oum
398 930 524 994 Oenone
545 938 575 993 et
596 928 757 992 Erasinide
774 929 805 991 in
828 934 953 1012 portum
971 925 1193 1010 Mytilenaeum

103 1039 302 1125 confugiunt,
329 1039 383 1103 ubi
404 1063 421 1102 a
440 1039 635 1102 Callicratide
656 1038 838 1102 obsidentur
858 1037 895 1121 (Ι.
915 1040 1023 1121 616).
1048 1036 1195 1120 Reliquos

104 1156 221 1233 septem
251 1151 411 1235 probabile
443 1157 488 1213 est
521 1148 709 1235 expeditioni
741 1171 868 1234 propere
900 1148 992 1212 domo
1022 1148 1131 1212 missae
1156 1147 1195 1210 ad

104 1260 297 1324 liberandum
330 1260 489 1325 Cononem
513 1261 691 1344 praefuisse.
735 1259 796 1323 Sed
820 1258 903 1322 Hell.
928 1258 955 1321 I.
982 1260 1010 1320 6.
1036 1261 1077 1321 29
1103 1257 1195 1321 duces

104 1371 141 1434 ad
166 1372 338 1455 Arginusas
359 1378 569 1434 memorantur
589 1371 810 1446 Aristocrates,
833 1369 1023 1445 Diomedon,
1044 1367 1195 1445 Pericles,

103 1484 301 1560 Erecthides,
336 1480 575 1560 Protomachus‚
608 1480 791 1564 Thrasylus,
824 1481 953 1561 Lycius,
980 1478 1195 1561 AristogeneS,

105 1590 155 1654 ubi
173 1591 322 1654 omissum
338 1590 422 1653 vides
437 1589 688 1666 Archestratum,
708 1595 898 1673 praesentem
918 1587 1126 1664 Erasinidem,
1145 1588 1198 1671 qui

105 1701 246 1765 obsessus
281 1702 380 1764 fuerat
417 1701 594 1785 Mytilenae.
631 1700 747 1764 Verum
780 1701 806 1763 si
837 1699 1058 1784 comparaveris
1088 1697 1198 1782 Lysiae

105 1811 195 1875 verba
227 1814 244 1895 6
269 1814 304 1888 8,
336 1812 410 1875 haee
434 1810 598 1875 difficultas
623 1816 791 1874 evanescet.
828 1810 966 1884 'ureret
990 1809 1108 1892 inquit,
1134 1810 1198 1879 τοὺς

109 1926 190 1998 μετὰ
221 1923 375 2002 Θρασύλον
407 1921 477 1986 etna
508 1920 634 1998 εἵλεσθε,
668 1918 743 1985 οὗτοι
768 1921 878 1991 adures
903 1920 1051 1997 ἐβούλοντ’
1075 1918 1121 1983 εἰιὶ
1146 1925 1199 1992 τῆς

106 2033 176 2108 ἐμῆς
202 2035 270 2104 νεὼς
294 2040 398 2106 πλεῖν,
418 2031 510 2109 οὶνέβη
535 2032 632 2107 μέντοι
655 2030 874 2111 Ἀρχέστρατος
897 2031 910 2094 ὁ
934 2031 1095 2110 mpeditus·
1121 2030 1200 2093 οἰσο-

107 2140 268 2214 6ιινᾰνσος
300 2143 333 2206 δὲ
364 2144 488 2207 τούτου
518 2145 551 2206 ἕν
578 2143 760 2222 Μυτιλήνη
782 2139 995 2220 Ἐρασινίδης
1020 2139 1095 2216 μετ’
1119 2139 1201 2215 ἐμοῦ
1306 2156 1308 2159 ·

107 2254 288 2320 συνέπλει.
335 2254 448 2317 Emisit
473 2253 642 2318 seeundum
666 2253 905 2337 Xenophontem
928 2249 965 2333 (I.
992 2252 1021 2312 6.
1049 2251 1101 2330 19)
1125 2247 1202 2311 duas

109 2386 198 2427 naves
221 2363 347 2439 (loiron,
373 2385 504 2446 quarum
528 2363 623 2426 altera
646 2362 776 2427 feliciter
800 2363 913 2437 evasit,
939 2369 969 2424 et
992 2359 1140 2423 nuncium
1165 2357 1203 2422 de

110 2474 269 2538 obsidione
302 2474 439 2537 Athenas
464 2474 579 2537 attulit.
626 2472 720 2552 Quod
744 2474 770 2536 si
794 2473 983 2559 copulaveris
1007 2493 1076 2535 eum
1094 2468 1202 2553 Lysiae

8 2648 9 2651 ,
110 2585 227 2662 verbis,
245 2583 405 2668 apparebit
421 2583 655 2646 Archestratum
673 2605 749 2646 nave
768 2583 898 2646 oratoris
918 2590 1040 2645 vectum
1053 2580 1203 2663 inpugna

8 2724 10 2777 j
110 2693 297 2777 Mytilenaeo
318 2692 480 2769 cecidisse,
500 2699 607 2776 postea
626 2691 819 2756 Erasinidem
840 2691 937 2768 hanc,
956 2697 1064 2775 utpote
1085 2691 1203 2755 celerri-

8 2836 9 2885 i
109 2826 206 2882 mam,
234 2803 448 2867 conscendisse
473 2825 570 2887 eaque
593 2803 724 2867 feliciter
744 2802 884 2866 evasisse.
920 2801 971 2865 Ita
987 2800 1202 2885 Xenophontis

110 2914 276 2978 auctoritas
308 2915 428 2997 egregie
459 2912 653 2989 defenditur,
679 2934 780 2995 neque
804 2912 861 2974 erit
885 2933 939 2974 cur
961 2910 988 2974 I.
1014 2913 1044 2974 6.
1074 2915 1130 2975 16;
1156 2912 1204 2976 κιο)

8 3052 9 3055 ’
109 3025 300 3106 καταφεύγοι
325 3025 349 3107 (c'
373 3025 478 3107 Κόνων)
501 3025 541 3095 εἰς
565 3024 737 3097 Μυτιλήνην
761 3030 814 3095 τῆς
838 3020 957 3099 Λέσβον
981 3023 1030 3086 cal
1054 3023 1105 3087 σὺν
1125 3026 1205 3104 αὐτῷ

110 3142 163 3201 τῶν
187 3136 259 3202 diue
282 3140 455 3216 σσοοιτηγῶν
477 3135 559 3200 Λέων
582 3133 631 3198 aul
653 3133 831 3213 Ἐοοισινβης
857 3132 947 3196 verba
970 3133 1029 3197 tria
1050 3141 1204 3218 postrema

8 3266 10 3269 ·
111 3267 179 3311 curn
212 3247 320 3310 multis
350 3244 519 3310 editoribus
544 3252 575 3307 et
597 3241 722 3306 Nabero
746 3243 908 3326 (Mnemos.
934 3242 968 3321 Ι,
993 3268 1022 3328 p.
1049 3246 1126 3329 230)
1150 3244 1205 3310 du-

112 3357 177 3423 biae
202 3358 395 3423 auctoritatis
419 3362 575 3441 putemus.
621 3353 702 3417 Nam
723 3353 808 3436 quod
826 3353 952 3418 Leontis
973 3377 1084 3420 nomen
1106 3379 1206 3420 errore

111 3469 267 3555 irrepsisse
291 3474 403 3552 putant
427 3474 458 3529 et
481 3466 539 3529 hoo
562 3465 630 3529 loco
650 3471 681 3528 et
700 3464 726 3527 I.
750 3466 779 3527 5.
805 3466 843 3526 16
865 3482 921 3547 pro
943 3466 1058 3547 Lysiae
1077 3467 1125 3529 vel
1145 3469 1206 3551 ey-

112 3585 216 3644 runiue
238 3600 348 3662 parum
373 3577 599 3663 probabilitatis
623 3576 735 3655 habet3
760 3597 868 3660 parum
894 3576 973 3639 enim
998 3578 1140 3641 convenit
1161 3579 1205 3642 in-

112 3695 157 3751 ter
184 3698 357 3757 AeoNTA
390 3695 421 3752 et
450 3696 622 3763 arolam
654 3694 683 3750 et
714 3686 796 3751 idem
827 3687 935 3750 vitium
967 3687 1046 3750 forte
1075 3695 1206 3772 utroque

113 3798 177 3862 loco
209 3823 227 3862 e
254 3799 386 3863 librariis
418 3798 613 3861 commissum
637 3819 703 3860 esse
725 3797 787 3860 nisi
811 3804 947 3861 statuere
971 3798 1081 3875 velles,
1107 3800 1204 3883 ipsius

114 3910 268 3995 scriptoris
303 3909 497 3995 neglegentia
533 3908 612 3971 foret
640 3906 819 3970 incusanda.
867 3905 927 3969 Sed
961 3907 1041 3971 nibil
1070 3931 1202 3974 neeesse.

115 4016 196 4083 Leon
228 4019 292 4082 dux
323 4024 443 4082 oreatus
476 4025 523 4080 est
546 4016 583 4100 (Ι.
610 4018 639 4078 5.
668 4017 737 4098 16),
763 4022 793 4078 et
816 4015 958 4080 obsessus
982 4040 1052 4081 eum
1077 4017 1204 4083 Conone

115 4127 149 4209 (Ι.
175 4133 205 4193 6.
233 4131 304 4213 16);
335 4128 444 4212 Lysias
467 4128 499 4191 in
525 4127 590 4189 eius
615 4126 715 4189 locum
739 4126 925 4190 substitutus
950 4128 1099 4212 proelium
1123 4153 1204 4194 com·

115 4240 207 4313 mittit
224 4238 264 4302 ad
282 4239 453 4322 Arginusas
470 4236 508 4319 (Ι.
530 4239 559 4298 6.
577 4238 647 4317 69),
660 4236 686 4298 is
699 4257 823 4301 eausam
836 4236 911 4301 dicit
924 4238 1055 4301 Athenis
1068 4237 1110 4323 (Ι.
1127 4242 1155 4303 7.
1172 4243 1201 4324 l)

117 4356 145 4410 et
172 4349 336 4412 damnatus
365 4347 557 4410 interficitur.
605 4345 707 4430 Igitur
731 4346 816 4410 Leon
841 4350 873 4411 in
896 4348 1055 4412 obsidione
1079 4372 1203 4430 caesus,

116 4459 146 4522 in
169 4462 296 4544 eiusque
319 4458 421 4522 locum
447 4456 555 4542 Lysias
580 4456 769 4524 substitutus
792 4460 931 4538 videtur,
956 4461 1038 4549 quod
1063 4483 1080 4525 a
1104 4460 1205 4531 Xeno·
