2958 5238
837 499 880 559 90

249 704 251 713 ’
317 696 442 781 respicit
474 693 513 758 sd
550 716 641 760 unum
670 694 748 759 iliud
779 697 877 775 λέγειν
904 701 1078 778 τώνόματας
1111 707 1264 784 praeterea
1293 700 1318 762 si
1348 697 1386 763 ibi

319 807 485 883 omittitur,
502 806 599 871 multo
615 808 728 874 rectius
742 809 925 875 terminatur
939 813 1098 877 sententia
1122 811 1283 877 Sumentes
1298 818 1390 877 ταῦτα

226 965 229 971 .
316 917 384 982 loco
406 940 463 982 suo
482 924 601 982 motum
616 941 696 998 esse,
713 919 1005 988 duabusmedemnr
1019 922 1259 987 difficultatibus.
1288 921 1390 986 Trans·

317 1027 493 1114 ponendum
514 1037 590 1114 puto
612 1036 682 1116 post
703 1031 806 1099 καίτοι.

360 1142 452 1226 pti.
497 1141 581 1206 ἄλλα
602 1143 657 1217 μὲν
678 1142 724 1220 δή,
747 1168 775 1208 α.
799 1168 825 1208 τ.
844 1144 867 1208 ἓ.
912 1143 986 1209 Νοιι
1014 1152 1084 1230 apte
1106 1144 1181 1209 haec
1203 1150 1332 1209 nectunt
1352 1166 1391 1208 se

317 1253 442 1338 quentia
464 1253 688 1340 superioribus,
713 1253 799 1318 nulla
821 1261 868 1319 est
890 1255 972 1320 enim
994 1256 1167 1340 oppositio,
1191 1257 1224 1319 in
1247 1278 1392 1342 praegnas

316 1365 358 1430 sie
390 1373 546 1430 enumerat
577 1387 699 1445 causas,
731 1389 786 1431 our
810 1368 945 1453 Agorato
968 1366 1144 1433 abeundum
1166 1367 1277 1443 fuerit3
1300 1368 1333 1431 in
1354 1389 1392 1431 se-

316 1477 481 1563 quentibus
512 1498 618 1543 causas
648 1478 824 1544 remanendi
854 1501 933 1564 quae
955 1479 1024 1544 aliis
1046 1479 1178 1558 fuerint,
1202 1467 1276 1543 huic
1298 1478 1391 1543 nuilas

316 1590 410 1654 fuisse
439 1588 591 1667 ostendit3
623 1597 704 1654 recte
731 1613 763 1654 se
786 1589 912 1655 haberet
933 1592 1017 1656 ἄλλα
1039 1591 1093 1668 μὲν
1115 1590 1164 1666 δή,
1188 1591 1215 1653 si
1237 1590 1392 1654 referretur

317 1723 395 1786 qnae
421 1709 458 1766 nt
488 1701 619 1766 Athenis
648 1711 784 1766 maneret
814 1704 949 1787 Agorato
983 1703 1110 1767 suadere
1133 1709 1274 1788 possent,
1299 1709 1334 1766 ut
1354 1720 1392 1766 re

317 1812 517 1900 sponderotur
532 1812 571 1876 ad
584 1814 852 1898 interrogationem
863 1837 956 1899 supra
967 1816 1105 1900 positam.
1129 1812 1255 1894 „Quare
1266 1812 1392 1889 tandem,

317 1925 436 2010 inquit,
460 1923 643 1991 monebesP”
676 1922 769 1990 Nunc
792 1932 963 2011 exspectes:
987 1948 1079 2004 „nam
1104 1923 1225 2012 poteras
1241 1925 1394 1990 abiresins

317 2037 472 2115 „civitatis
500 2036 662 2100 emissione
688 2047 718 2100 et
740 2044 825 2101 metu
848 2038 999 2102 eruciatus
1021 2037 1199 2114 liberatus”,
1223 2059 1304 2101 nont
1328 2036 1397 2113 „sed

316 2155 460 2233 „poteras
475 2146 550 2210 -’'.
597 2146 699 2211 Sensit
733 2147 791 2211 hoc
817 2147 959 2213 Reiskius
982 2150 1037 2234 qui
1058 2149 1142 2214 ἄλλα
1165 2149 1225 2229 γαρ
1247 2147 1281 2222 δή
1304 2145 1396 2231 requi·

317 2262 375 2338 rit;
400 2259 453 2324 sed
475 2260 602 2345 propius
626 2259 664 2324 ad
680 2259 828 2324 librorum
839 2259 1003 2324 lectionem
1018 2258 1135 2325 secedit
1150 2257 1295 2336 Oobetus,
1312 2277 1398 2343 quem

317 2394 387 2437 vere
409 2371 568 2438 emendare
592 2371 700 2456 opinor
722 2372 806 2437 ἄλλα
828 2373 881 2449 μὲν
908 2371 941 2446 δὴ
964 2373 1021 2451 οὐχ
1040 2368 1124 2447 ὅμοια
1143 2369 1216 2450 γαρ,
1240 2368 1397 2454 inquibus

317 2483 396 2549 nihil
418 2491 571 2548 mutatum
595 2506 687 2569 quam
710 2483 793 2569 quod
815 2482 874 2565 γάρ
896 2505 951 2568 pro
970 2482 1008 2562 γέ
1025 2481 1228 2546 substitutum
1244 2486 1291 2545 est
1306 2478 1397 2564 (Oret.

319 2595 356 2660 de
385 2602 449 2678 arte
479 2596 604 2680 interpr.
634 2618 665 2681 p.
701 2596 767 2677 97).
813 2594 864 2659 Ita
893 2593 977 2659 ἄλλα
1007 2594 1060 2670 μὲν
1090 2594 1123 2668 δή
1155 2591 1192 2656 ad
1221 2591 1398 2655 sententiam

319 2730 401 2771 nune
424 2708 547 2793 quidem
571 2730 780 2793 suppressam,
803 2714 909 2793 postea
932 2705 1069 2771 additam
1092 2707 1157 2789 („at
1180 2704 1261 2767 enim
1284 2725 1355 2766 vero
1368 2709 1398 2764 tu

320 2840 462 2896 „manere
492 2818 647 2904 volebas”)
679 2820 865 2895 referuntur,
897 2825 928 2881 et
956 2838 1010 2902 per
1040 2814 1099 2894 γαρ
1129 2836 1198 2879 cum
1221 2813 1284 2877 leui
1306 2812 1398 2877 ironia

320 2951 412 2993 eausa
434 2928 567 2993 effertur.
613 2928 750 3014 Longior
772 2928 817 2993 fui
840 2930 872 2993 in
893 2925 1102 3013 impugnanda
1116 2925 1242 3011 vulgata
1256 2923 1396 2997 lectione,

320 3039 403 3124 quod
426 3063 492 3105 eam
515 3064 533 3105 a
555 3040 677 3120 Dobreo
700 3039 812 3103 diserte
835 3038 990 3103 defensam
1012 3035 1155 3101 viderem.

364 3150 403 3216 In
425 3152 587 3236 proximis:
612 3151 739 3232 πατρίδα
760 3149 907 3233 σφετέραν
929 3150 1023 3213 αὐτῶν
1046 3168 1133 3232 aegra
1156 3166 1244 3210 careo
1263 3142 1395 3208 articulo.
1463 3228 1464 3231 Ἴ

318 3261 392 3328 'I'ale
415 3263 496 3328 enim
519 3263 778 3339 additamentum,
803 3260 893 3346 quale
916 3267 961 3324 est
984 3265 1039 3338 σφ.
1065 3260 1148 3334 αὐτ,
1173 3255 1257 3342 quod
1275 3274 1338 3319 non
1353 3275 1396 3317 ne
1462 3238 1464 3317 i

318 3377 483 3442 cessarium
517 3397 571 3460 per
599 3396 649 3451 se,
673 3372 825 3457 emphasis
847 3378 968 3435 tantum
991 3391 1082 3434 causa
1104 3366 1243 3432 additum
1265 3375 1329 3446 est,
1351 3387 1395 3452 po
1462 3398 1464 3457 }

318 3486 431 3563 stulat,
455 3486 580 3570 opinor,
606 3483 778 3548 articulum.
813 3480 885 3546 Non
908 3481 1015 3558 mirer,
1032 3480 1059 3543 si
1070 3479 1199 3560 πατρίδα
1218 3485 1299 3543 esset
1312 3479 1394 3542 inter·
1462 3480 1464 3505 ²

319 3596 449 3684 pretatio
480 3596 619 3674 articuli,
651 3604 688 3658 ut
710 3594 784 3659 olim
806 3593 920 3657 lectum
942 3591 1035 3656 fuerit
1057 3591 1161 3656 ἔπειτα
1182 3593 1234 3665 τὴν
1257 3588 1393 3671 σφετέραν

319 3712 414 3776 αὐτῶν
436 3700 657 3778 καταλιπόντες.
704 3705 767 3771 Sub
790 3706 882 3770 finem
904 3702 1046 3768 sectionis
1069 3701 1198 3781 πατρίδα
1215 3704 1325 3766 σαυτοῦ
1341 3717 1392 3762 nou

320 3820 556 3886 sollicitandum.
604 3817 718 3883 Contra
748 3817 827 3882 inira
855 3818 873 3902 t
900 3818 961 3879 45:
992 3816 1016 3880 οἱ
1043 3814 1096 3892 μὲν
1118 3812 1221 3890 γονέας
1247 3811 1392 3894 σφετέροιο

319 3937 414 3999 αὐτῶν
442 3930 613 4013 πρεσβύταις
643 3927 886 4004 καταλειτόντες,
915 3920 941 3993 οἳ
967 3925 1084 4006 ἤλπιζον
1107 3925 1161 3989 ὑπὸ
1183 3929 1239 3988 τῶν
1258 3922 1392 4007 σφετέρων
1462 3930 1464 3955 ·

319 4048 413 4111 αὐτῶν
436 4043 546 4109 παίδων
568 4041 824 4123 γηροτροφηθέντες
847 4077 892 4088 -
913 4038 1116 4123 ταφήσεσθαι,
1140 4043 1221 4099 recte
1240 4035 1342 4099 omitti
1359 4029 1390 4094 ri·
1463 4114 1464 4121 ἵ

320 4157 410 4222 detur
434 4177 452 4219 a
467 4153 620 4240 plerisque
635 4151 788 4216 editorum
803 4152 958 4232 σφετέρους
975 4150 1078 4212 αὐτῶν.
1113 4144 1285 4225 Quominus
1302 4151 1391 4208 auten
1463 4186 1464 4209 ;

321 4276 428 4354 putem
450 4273 556 4331 nostro
580 4286 701 4349 quoqne
724 4263 791 4325 loco
814 4260 960 4343 σφετέραν
983 4261 1078 4323 αὐτῶν
1094 4256 1131 4321 ab
1148 4257 1313 4341 interprete
1329 4272 1389 4338 quo

321 4381 391 4445 darn
420 4378 567 4443 infertum
598 4396 680 4452 esse,
713 4371 871 4458 prohibet,
895 4369 983 4455 ¹quod
1005 4368 1119 4453 insigni
1142 4388 1212 4431 oum
1234 4367 1264 4433 vi
1286 4373 1317 4432 et
1338 4383 1390 4452 grs-

321 4494 415 4563 vitate
438 4514 473 4559 ea
497 4490 586 4555 verba
609 4486 773 4553 adduntur.
