3002 5240
617 497 658 560 al

109 695 141 761 θν
160 696 290 762 ιιείεὶὶθιιε.Ι
337 695 448 780 Itaque
471 704 602 781 utroque
624 695 692 760 loco
715 692 752 760 ἄν
767 693 1007 771 restituendum,
1022 695 1040 778 q
1054 696 1097 757 38
1113 702 1183 779 post

108 814 257 889 σωφρονεῖν.
302 807 397 888 Quod
418 810 436 893 q
458 810 499 872 ta
524 807 677 892 sequitur:
708 805 770 872 οὔτ’
793 808 817 871 εἰ
839 811 939 871 ταῦτα
967 804 1181 885 διεπραξάμην,

109 918 573 1001 elizomenentium,
598 916 824 983 emendandum
847 914 1073 996 θιατραξαθμνν.

501 1159 545 1201 111.
576 1164 647 1205 uros
661 1164 785 1204 ΣΙΜΩΝΑ.

146 1370 191 1449 la,
214 1372 267 1436 cui
289 1370 396 1456 Lysias
418 1371 498 1435 hanc
519 1370 688 1434 orationem
711 1371 850 1456 scripsit,
874 1369 1071 1435 insimulatur
1087 1368 1184 1435 Simo·

109 1504 169 1545 nem
198 1482 237 1546 ad
269 1482 366 1568 ipsius
397 1481 522 1545 domum
553 1503 623 1546 cum
654 1481 716 1546 telo
747 1489 892 1567 oppertus
918 1481 998 1546 male
1020 1478 1178 1546 mulcaase.

110 1594 269 1658 Accusator
299 1599 345 1655 eat
375 1589 458 1654 Simo
481 1591 564 1675 ipse,
588 1592 641 1676 qui
665 1599 797 1675 quatuor
825 1593 912 1656 anuis
935 1601 1004 1676 post
1027 1591 1066 1656 ad
1089 1594 1182 1657 Areo·

110 1726 212 1788 pagum
243 1725 308 1767 rem
340 1701 437 1766 defert
464 1707 603 1767 stream
635 1711 757 1767 accusat
787 1702 953 1782 τραύματος
982 1705 1014 1769 ἐκ
1036 1705 1181 1784 προνοίας,

36 1849 42 1861 x
111 1815 153 1879 aui
173 1813 321 1879 maleficio
344 1811 484 1876 exsilium
509 1833 578 1876 cum
602 1812 751 1878 bonorum
772 1813 979 1898 publicatione
995 1814 1182 1880 imminebat.

110 1925 245 1991 Defendit
278 1946 365 2006 reus,
396 1944 450 1987 nec
482 1945 517 1987 eo
540 1923 625 2000 loco,
650 1923 703 1988 ubi
727 1923 809 1988 Simo
833 1924 1045 2003 contenderet,
1070 1948 1184 2010 pugna·

110 2044 168 2101 tum
190 2059 273 2114 esse,
297 2057 353 2133 uec
377 2057 409 2098 se
432 2056 502 2098 cum
525 2036 586 2098 telo
609 2035 788 2114 accessisse,
813 2058 868 2100 nec
892 2036 1027 2101 vulneris
1051 2059 1183 2121 praeme-

111 2148 190 2213 ditati
212 2149 347 2224 crimen,
371 2146 409 2210 de
428 2168 490 2231 quo
512 2146 561 2210 ius
586 2145 667 2210 dicat
691 2148 886 2232 Areopagus,
910 2170 975 2212 esse
990 2147 1107 2223 ullum,
1124 2149 1184 2211 nisi

110 2260 264 2324 consilinm
295 2259 388 2321 fuisse
417 2257 522 2321 mortis
552 2257 727 2322 inferendae
758 2266 908 2343 appareat.
944 2258 1053 2345 Capita
1076 2280 1184 2323 causae

112 2371 309 2451 continentur·
330 2367 515 2432 sectionibus
548 2371 696 2446 11-20,
727 2368 796 2433 coll.
831 2371 890 2435 at:
914 2371 987 2452 Φησὶ
1011 2369 1036 2435 δ’
1047 2369 1094 2435 ε’τὶ
1118 2378 1184 2441 ταῖς

116 2481 189 2545 αὑτοῦ
212 2482 310 2560 θύραις
334 2480 382 2542 ὑπ’
405 2480 476 2553 ἐμοῦ
500 2478 590 2551 δεινῶς
615 2479 774 2551 διατεθῆναι
796 2480 984 2556 τυπτόμενος.
1020 2483 1078 2543 28:
1102 2481 1184 2557 λέγει

115 2588 171 2665 θἰθς
193 2594 281 2668 ἡμεῖς
304 2589 424 2666 θλθομεν
448 2588 495 2654 ἔτι)
519 2591 569 2663 τὴν
592 2589 680 2655 οἰκίαν
703 2593 754 2665 τὴν
776 2588 890 2657 recrevi
905 2590 1039 2673 θττραιοον
1057 2590 1183 2671 ἔχοντες.

114 2702 157 2766 42.
178 2701 317 2780 οὐδεμίαν
340 2701 472 2777 ἦνοθμνν
494 2701 623 2780 τρθνοιαν
646 2698 735 2779 εἶναι,
761 2698 839 2774 θστις
862 2703 903 2779 at
926 2705 1094 2768 ἀποκτεῖναι
1117 2701 1186 2778 βου·

113 2811 219 2888 aanor
242 2812 373 2893 ἔτρωσεν.
409 2811 539 2895 Reliqua
562 2813 766 2878 narrationem
789 2814 946 2878 continent
970 2836 1091 2890 eorum,
1108 2835 1187 2898 quae

114 2930 173 2987 ante
195 2924 351 2989 obiectum
375 2923 474 2987 scelus
497 2923 576 2988 facta
600 2933 686 2987 erant
709 2926 736 3009 (q
760 2926 895 3009 5-10),
920 2933 950 2988 et
973 2925 1187 2989 refutationem

112 3033 266 3099 adversarii
290 3035 502 3099 contendentis
527 3057 558 3098 se
583 3036 741 3119 pecuniam
763 3036 837 3100 olim
861 3044 895 3101 ut
919 3037 1070 3101 frueretur
1092 3035 1188 3098 Theo·

113 3143 193 3224 doto,
216 3145 293 3211 huic
316 3166 453 3230 erogasse
477 3146 504 3229 (q
527 3147 680 3230 21-26).

150 3254 224 3321 Rixa
247 3264 317 3321 orta
340 3263 404 3321 erat
427 3255 465 3320 de
487 3256 665 3335 Theodoto,
691 3276 786 3342 puero
809 3258 981 3335 meritorio,
1008 3280 1098 3342 quem
1121 3257 1188 3321 Pla

113 3371 256 3432 taeeusem
280 3366 357 3431 dicit
380 3375 481 3430 orator
505 3367 533 3451 (b
557 3368 597 3451 5),
622 3366 676 3430 sed
691 3368 744 3450 qui
760 3391 865 3453 reapse
880 3390 942 3433 nou
957 3368 1080 3432 meliore
1095 3389 1187 3450 qnam

114 3478 206 3542 servili
236 3477 417 3544 condicione
446 3476 507 3541 fuit
518 3503 527 3554 3
560 3500 629 3541 uam
660 3480 795 3562 torqueri
825 3502 895 3544 eum
925 3478 1060 3564 potuisse
1087 3488 1188 3542 orator

115 3584 181 3651 ‹licit
209 3591 241 3676 (q
264 3591 333 3671 83).
370 3587 479 3670 Itaque
510 3587 575 3671 ipse
605 3586 782 3652 Theodotus
813 3588 871 3653 hoc
894 3610 1004 3653 nomeu
1028 3587 1086 3651 sibi
1110 3610 1189 3652 arro-

116 3707 226 3780 gaverat
250 3702 298 3785 (ut
321 3697 452 3762 Pancleo
473 3706 548 3761 orat.
573 3700 644 3782 28),
670 3706 737 3776 aut,
762 3697 845 3783 quod
867 3699 992 3784 propius
1014 3720 1101 3776 vero,
1126 3720 1190 3762 ora

117 3816 172 3886 tor,
194 3832 256 3895 quo
281 3808 400 3874 foedius
424 3808 521 3872 scelus
544 3807 585 3872 sit
607 3807 738 3874 Simonis
753 3808 884 3873 liberum
899 3808 1051 3873 homiuem
1070 3816 1190 3894 raptau-

117 3917 151 3982 tis
171 3919 201 4006 (q
224 3923 297 4006 15),
321 3919 410 4004 fingit
432 3917 640 3983 Plataeensem
664 3942 745 3997 esse;
769 3940 825 3983 uec
847 3918 1019 3984 abhorrete
1033 3943 1122 3999 vero,
1140 3942 1189 4006 pe

117 4031 245 4108 curiam,
278 4052 369 4116 quam
401 4035 554 4114 erogasset
575 4028 675 4107 Simo,
699 4052 761 4094 uon
785 4029 968 4096 adolescenti
990 4030 1043 4095 sed
1067 4031 1111 4110 ei,
1135 4031 1190 4115 qui

118 4162 191 4207 unuc
221 4150 398 4219 accusatur,
427 4156 599 4224 *appensam
627 4140 719 4205 fuisse
747 4142 774 4225 (q
797 4143 838 4204 25
864 4145 943 4218 ἡμᾶς
965 4179 1010 4191 -
1032 4142 1190 4220 οὲτοστερῆ-

119 4274 161 4314 σαι
181 4291 224 4303 —-
238 4256 414 4338 ἀποδοῦναι).
449 4250 509 4315 Sed
531 4252 661 4336 pecunia
675 4252 769 4316 semel
784 4259 923 4337 accepta,
939 4274 1008 4316 reus
1016 4300 1025 4329 ,
1042 4259 1077 4316 ut
1092 4251 1190 4315 crimi·

119 4363 238 4429 nabetur
261 4365 363 4443 Simo,
397 4364 463 4429 eius
494 4363 596 4427 fructu
627 4361 727 4449 ipsum
759 4364 945 4448 privaverat,
969 4363 1190 4430 adolescentem

122 4469 154 4535 ab
173 4496 206 4539 eo
229 4497 350 4554 arceus3
375 4476 425 4540 hic
448 4480 554 4560 postea
577 4474 694 4557 (eodem
717 4476 806 4559 teste)
831 4482 990 4559 argentum
1006 4474 1188 4539 reddiderat.
