3002 5240
631 491 670 555 57

158 702 308 768 Excidisse
331 701 447 787 aliquid
471 701 592 766 videtur
616 702 673 766 sub
696 702 787 765 finem
810 701 827 784 d
852 701 908 763 14:
926 694 1006 769 ούτος
1026 695 1121 774 μέντοι
1141 697 1190 760 οὐκ

118 815 148 878 ύν
178 814 238 895 ἔχοι
272 811 423 889 ἀποδείξαι
455 851 500 862 -
522 812 578 878 ούύ
600 815 636 885 ὡς
655 813 679 896 (ί
702 812 799 896 σηκὸς)
821 811 972 889 οίμπὲοιοια
988 808 1116 887 ἐμποδὼν
1140 804 1189 887 ἦν,

118 925 165 990 ούύ
185 927 219 997 ta
241 925 331 997 οἰκίας
354 925 465 1007 ἐγγύς,
488 924 545 991 ούύ’
562 926 598 996 ὡς
618 926 676 1002 ἐγὼ
696 925 810 1005 ἄπειρος
829 929 884 989 τῶν
904 926 973 1003 παρ’
992 918 1190 1003 ύμῖν(ύμῶνΡ)

118 1036 246 1108 κινδύνων,
271 1035 298 1100 εί
314 1061 342 1101 τι
360 1034 469 1100 τούτων
488 1035 632 1115 ἔπραττον
651 1036 765 1105 πολλαὶς
785 1034 821 1100 aa
841 1033 890 1100 καί
911 1033 1054 1112 μεγάλας
1070 1029 1189 1109 ἐμαυτῷ

117 1146 211 1226 ζημίας
242 1146 403 1226 γενομένας
426 1147 631 1228 οίποφύναιμι·
655 1143 685 1218 ὃς
708 1146 891 1225 πρῶτονμὲν
915 1146 978 1221 μεθ’
1001 1141 1108 1222 ἡμέραν
1131 1138 1191 1216 ἕξί·

116 1282 207 1323 κοττον
237 1258 286 1323 τὸν
315 1259 410 1335 σηιιίν.
458 1258 516 1323 His
540 1259 672 1343 primum
695 1257 884 1322 demonstrat
905 1256 1021 1321 nullam
1044 1254 1102 1319 sibi
1125 1275 1191 1317 can·

116 1390 172 1431 sam
193 1368 339 1454 peccandi
361 1369 455 1434 fuisse
471 1370 526 1453 (-
541 1369 698 1453 aratum),
720 1376 787 1433 tum
806 1369 942 1453 singula,
960 1391 1037 1453 quae
1053 1365 1090 1430 ab
1106 1385 1191 1429 accu-

113 1486 201 1544 satore
231 1479 352 1545 obiecta
382 1480 460 1558 sint,
493 1503 600 1566 parum
632 1503 685 1566 per
716 1504 748 1544 se
776 1479 945 1565 probabilia
973 1501 1055 1556 esse,
1079 1498 1135 1541 nec
1158 1498 1189 1542 se

113 1591 235 1656 interdiu
266 1591 413 1658 excidisse
443 1600 602 1671 truncum,
627 1615 683 1658 nec
706 1592 739 1657 id
763 1615 817 1679 per
840 1615 942 1657 servos
965 1614 996 1656 se
1019 1590 1115 1654 facere
1139 1610 1190 1673 po·

112 1704 214 1782 tuisse,
238 1704 299 1768 nisi
323 1702 489 1767 admodum
511 1703 603 1768 hebes
626 1704 723 1768 videri
746 1703 848 1767 vellet.
879 1702 939 1767 Sed
961 1701 1038 1767 duce
1054 1701 1125 1767 illue
1141 1699 1190 1764 de-

111 1814 330 1879 monstrationis
354 1820 455 1899 partes
479 1836 542 1879 non
565 1822 635 1899 apte
659 1813 904 1898 distinguuntur.
946 1812 1089 1877 Transitu
1112 1833 1189 1897 opus

111 1933 167 2004 est,
189 1948 280 2012 quem
302 1927 445 1991 restitues
468 1926 583 1990 inserto
606 1925 699 1991 ἔπειτ’
722 1932 793 1990 ente
816 1925 844 1990 εί
864 1949 901 1992 τι.
937 1924 987 1989 Ita
1011 1924 1102 1990 verba
1116 1925 1191 1988 hacc

110 2060 210 2102 novam
232 2038 388 2123 incipiunt
410 2037 580 2123 periodum.
616 2036 775 2102 Praeterea
794 2037 912 2123 aliquid
928 2037 1109 2122 requiritur,
1128 2057 1188 2120 quo

109 2150 207 2215 reduce
227 2150 259 2233 (i.
281 2171 306 2214 e.
326 2148 452 2228 horum,
474 2171 552 2233 quse
571 2149 695 2235 singula
713 2150 791 2214 mihi
806 2149 923 2233 obiicit)
945 2149 1043 2234 magis
1066 2148 1190 2213 definia-

109 2266 154 2324 tur
174 2257 221 2345 (dv
244 2258 293 2326 tte
311 2260 394 2339 λέγει
412 2261 460 2326 vel
477 2262 567 2345 sim).
583 2259 833 2326 -Vocabulum
852 2260 969 2343 ζημίαις
988 2282 1060 2325 sane
1078 2260 1188 2341 οίνιύρως

110 2373 236 2455 positum
266 2372 405 2449 videtum
437 2371 611 2458 significant
640 2373 721 2437 enim
752 2371 826 2436 haec
856 2372 971 2443 πολλαὶς
1000 2410 1045 2420 -
1072 2371 1189 2452 οίποφύ-

112 2505 199 2562 ναιμιι
221 2482 332 2561 „ridde
354 2504 438 2547 meae
461 2484 559 2568 ipsius
575 2505 683 2548 causae
698 2506 747 2547 me
762 2484 901 2548 nocuisse
917 2483 1154 2548 demonstrarem
1159 2482 1190 2560 ;’'

109 2615 169 2659 nam
200 2593 238 2658 de
270 2597 442 2661 detrimento
474 2603 529 2660 aut
555 2598 661 2662 domno
684 2597 717 2660 in
740 2595 885 2680 proximis
908 2618 971 2660 non
994 2596 1109 2681 agitur3
1133 2617 1189 2659 nec

107 2702 139 2767 de
167 2708 258 2790 σαίρω
284 2703 467 2769 vocabulum
489 2706 586 2792 accipi
608 2713 726 2791 potest,
752 2728 848 2792 quum
870 2706 994 2772 accedat
1016 2707 1186 2786 γενομένας.

107 2811 206 2880 Posuit
231 2814 349 2897 ζημίαις
372 2823 408 2880 ut
431 2816 651 2882 demonstratio
676 2818 735 2882 sibi
758 2825 923 2883 constaret.
958 2817 1005 2883 cf.
1028 2819 1046 2903 d
1071 2821 1120 2883 13.

144 2924 216 2992 Non
239 2925 297 2991 hac
319 2933 441 2995 tantum
464 2929 598 2993 sectione
622 2929 676 2994 sed
700 2929 773 2994 alibi
793 2951 915 3015 quoque
931 2930 965 2994 in
980 2929 1038 2993 hae
1053 2930 1189 2995 oratione

58 3022 60 3025 ’
107 3038 250 3121 quaeram
280 3035 476 3114 exciderunt,
501 3038 596 3103 verus
618 3041 635 3124 η
658 3042 718 3104 so:
743 3041 801 3117 aye
825 3041 878 3111 as
902 3041 1084 3126 [artata]
1109 3042 1187 3119 ιρις

17 3208 18 3215 ,
106 3149 247 3226 αἱροῦμαι,
272 3146 314 3216 ὅτι
336 3149 530 3232 Νιιιίμαχος,
554 3175 581 3218 κ.
606 3177 635 3217 τ.
662 3154 692 3230 ἒ,
718 3152 772 3216 ubi
796 3151 988 3217 Hamskerus
1011 3151 1089 3216 vidit
1111 3151 1188 3217 desi-

16 3300 17 3349 3
106 3256 194 3326 derari
209 3261 375 3339 ἐγνωκέναι.
412 3261 511 3346 Supra
532 3263 550 3347 d
569 3265 588 3325 α
609 3262 726 3342 οίίμενοι
741 3263 804 3342 ἐμοὶ
819 3263 874 3341 μὲν
892 3263 1004 3339 ταύτην
1022 3265 1075 3338 σὺν
1090 3263 1187 3327 αἰτίαν

106 3369 287 3451 ἀπορωτάτην
311 3368 382 3438 είναι
406 3371 557 3445 ἀποδείξαι
584 3373 808 3439 restituendum
831 3373 952 3438 videtur
975 3374 1095 3460 [ψευδῆ]
1115 3376 1187 3440 οίπο·

107 3478 203 3568 δεῖξαι,
240 3482 295 3548 ubi
329 3483 382 3547 alii
417 3489 612 3548 correxerunt
646 3482 825 3562 οίπειιέγξαι.
872 3483 952 3549 Sect.
985 3487 1025 3547 25
1058 3486 1107 3549 καί
1134 3488 1187 3562 την

109 3594 227 3674 πατρίδα
250 3595 283 3659 in
307 3593 394 3659 MSS.
419 3594 531 3659 omissa
554 3602 636 3660 sunt.

146 3705 231 3786 ΜΒ.
269 3708 293 3772 εί
312 3708 365 3785 μὲν
385 3706 553 3788 παρέσχετο
573 3708 740 3788 μύρτωρας,
759 3708 869 3779 τούτοις
888 3707 925 3774 ίαν
937 3706 1014 3784 ἠξίου
1026 3686 1185 3791 πιστεύειν,

109 3811 193 3890 ἐπειδὴ
222 3818 247 3882 δ’
265 3820 315 3883 ούη
345 3817 415 3884 cteta
445 3821 543 3900 αὐτῷ,
578 3820 640 3897 ἐμοὶ
670 3818 724 3884 καί
745 3819 856 3895 ταύτην
882 3821 947 3895 την
970 3819 1075 3901 ζημίαν
1098 3816 1186 3884 οίεται

107 3931 202 4001 χρῆναι
232 3930 378 4006 γενέσθαι.
401 3912 639 3995 'Omittendum
662 3933 714 4006 τήν
737 3938 808 3995 ante
830 3930 937 4012 ζημίαν
960 3929 1042 4008 „hoc
1064 3952 1186 4014 quoque

108 4034 175 4099 mihi
193 4039 305 4106 damno
326 4064 390 4106 esse
407 4043 524 4126 cupit.'’
543 4043 748 4128 (Ταύτηνρωι
769 4044 983 4108 attractionem
1000 4040 1118 4127 generis
1130 4060 1185 4125 pro

108 4151 204 4235 τοῦτο.)
236 4151 312 4216 Tam
336 4153 528 4230 testimonia,
552 4154 671 4238 inquit,
690 4177 783 4240 quam
799 4153 953 4218 deiectum
968 4154 1093 4217 testium
1108 4150 1186 4214 mihi

109 4258 262 4328 exitiosum
285 4287 350 4329 esse
373 4265 454 4344 vult;
480 4265 562 4350 quod
585 4266 650 4352 ipse
674 4273 768 4330 testes
790 4289 853 4331 non
878 4265 989 4343 habet,
1013 4262 1090 4328 mihi
1110 4261 1185 4325 vitio

109 4362 199 4437 dabir.
234 4375 280 4441 cf.
303 4379 320 4462 b
344 4379 383 4440 21
394 4426 403 4455 ,
428 4377 486 4440 sub
508 4377 528 4441 f.
553 4377 649 4441 Paulo
673 4385 744 4463 post
762 4381 793 4443 ού
814 4379 873 4458 γὰρ
892 4378 981 4454 idaco
997 4378 1185 4456 συκοφαντῶν

110 4473 170 4552 ἅμα
193 4488 322 4556 τοιούτων
344 4511 383 4566 με
404 4488 500 4566 λόγων
522 4490 658 4570 οίποριίσει
681 4488 732 4558 καί
756 4489 906 4574 μαρτύρων
930 4484 1135 4573 (μαρτνριῶνί)
1148 4494 1185 4549 ut
