2994 5234
818 454 883 514 204

304 646 425 723 abesse3
451 645 578 708 offendit
603 667 690 729 porro
714 649 938 730 argumentatio
961 650 978 732 1
1006 652 1024 710 9
1048 648 1098 730 (61.
1124 650 1245 730 snpra);
1270 647 1372 710 demon·

305 754 644 839 11161166611111116161
667 759 706 818 11
727 763 758 819 61
777 780 821 840 sq.
851 757 991 840 Denique
1015 757 1136 840 egregia
1159 763 1232 818 sunt
1255 756 1375 837 quaeda

304 864 482 947 demagogis
513 865 530 947 p
559 866 597 925 11
623 872 654 928 61
681 867 720 926 12
742 865 898 941 dicuntur,
923 866 976 928 sed
999 865 1048 928 his
1072 864 1184 927 similia
1207 865 1296 927 etiarn
1317 864 1376 926 alibi

305 974 514 1050 inveniuntur,
540 972 622 1036 unde
643 997 700 1037 sna
718 981 825 1037 auctor
848 974 983 1038 mutuari
1002 975 1116 1057 potuit.
1148 972 1292 1050 Accedit,
1309 972 1375 1055 qnod
1464 1014 1465 1033 .

304 1081 456 1146 accusatio
480 1090 544 1145 tam
567 1089 613 1146 est
636 1083 757 1146 infinita
780 1091 811 1148 et
834 1089 897 1146 tam
920 1105 1018 1167 pauca
1045 1083 1125 1146 facta
1145 1083 1296 1157 continet,
1316 1082 1376 1144 adeo

304 1197 384 1255 errat
396 1199 426 1254 et
449 1198 579 1275 vagatur
594 1193 674 1256 inter
690 1202 846 1256 accusatos
863 1200 893 1257 et
909 1193 1100 1268 defensores,
1122 1214 1253 1274 quornm
1271 1192 1377 1274 utrique

303 1302 483 1385 pronomine
508 1298 588 1373 οὗτος
620 1302 842 1385 significantur,
867 1308 903 1365 nt
926 1324 1035 1385 parum
1058 1300 1187 1384 limpida
1211 1302 1268 1377 sit,
1295 1322 1377 1383 neque

305 1410 488 1473 evidentiam
523 1412 659 1475 veritatis
694 1411 821 1488 habeat,
855 1420 885 1474 et
919 1410 998 1474 nihil
1032 1386 1196 1494 impediat,
1232 1410 1377 1493 quominus

303 1520 404 1581 fictam
433 1526 587 1603 putemus.
635 1520 797 1606 Suspicor,
833 1543 910 1605 opus
939 1542 1003 1583 esse
1035 1518 1234 1582 subditicium
1265 1517 1378 1582 rhetoris

304 1627 465 1691 cniusdam
488 1651 551 1692 non
574 1631 716 1713 pessimi,
742 1631 796 1714 qni
819 1630 954 1693 flosculis
978 1651 1014 1692 ex
1034 1628 1126 1712 Lysia
1143 1636 1174 1691 et
1189 1611 1379 1692 Demosthene

304 1736 454 1819 decerptis
482 1736 733 1803 declamationem
762 1740 842 1803 hano
873 1739 1035 1803 ornaverit.
1084 1739 1133 1801 Ad
1156 1738 1264 1822 Lysiae
1286 1737 1380 1801 oratio

303 1868 372 1908 nem
400 1845 431 1908 in
456 1845 632 1929 Epicratem
655 1847 764 1929 (Bekk.
790 1848 928 1911 Anecdd.
953 1871 982 1931 p.
1010 1850 1084 1910 103.
1111 1851 1168 1910 ll:
1192 1845 1376 1920 κνντσδνῶξνι·

303 1955 417 2024 Acutae
451 1953 521 2017 κατ’
555 1954 766 2031 Ἐπικράτους,
800 1978 878 2034 non,
894 1956 1008 2019 lectum
1035 1957 1068 2019 in
1091 1963 1196 2018 nostra
1219 1955 1377 2039 Epicrates)

304 2062 530 2126 exercitationis
559 2085 651 2127 causa
677 2065 833 2149 epilogum
865 2066 946 2129 hunc
977 2066 1099 2149 scripsit
1130 2066 1163 2128 in
1195 2065 1379 2148 demagogos‚

303 2169 455 2254 Epicratis
487 2172 623 2250 sodales,
656 2175 710 2257 qui
733 2197 816 2238 nunc
840 2197 909 2239 enm
933 2174 1161 2238 defendendum
1185 2179 1375 2258 susceperant.

347 2281 513 2365 Inscriptio
542 2283 610 2366 ipsa
631 2283 798 2367 Epilogum
822 2306 887 2347 esse
910 2285 1016 2348 docet:
1041 2283 1108 2349 κατ’
1131 2284 1318 2364 Ἑπικράτους
1337 2278 1378 2343 eal

302 2396 359 2456 τῶν
386 2392 649 2474 συμπρεσβευτῶν,
681 2394 816 2469 ἐπίλογος
838 2395 875 2464 ὥς
899 2393 1049 2474 Θεσῦωρσς.
1095 2392 1134 2455 In
1158 2415 1219 2477 qua
1241 2399 1380 2475 postrema

303 2500 362 2562 tria
392 2499 483 2563 verba
516 2522 534 2561 a
563 2499 690 2583 reliquis
722 2500 906 2584 separanda:
938 2501 1131 2578 „secundnm
1154 2500 1304 2564 Theodori
1324 2519 1378 2560 sen·

304 2608 431 2672 tentiam
464 2609 632 2693 epilogus.”
677 2609 874 2673 Theodorum
904 2610 1053 2694 Taylorns
1084 2610 1236 2693 intellegit
1259 2615 1310 2672 aut
1330 2607 1378 2689 By·

303 2719 461 2782 tantinum
491 2741 508 2781 a
538 2718 665 2782 Platone
697 2728 727 2782 et
759 2719 908 2803 Dionysio
940 2719 1041 2782 Helio.
1074 2728 1275 2781 memoratum
1296 2712 1377 2799 (qnod

303 2828 429 2891 minime
452 2828 620 2912 probabile)
645 2835 699 2892 aut
721 2829 933 2906 Gadarenum,
958 2829 1074 2893 Tiberii
1098 2827 1265 2911 aequalem.
1310 2824 1376 2887 Con·

303 2935 384 2998 didit
415 2936 464 2999 hio
495 2943 606 3000 sectam
631 2937 786 3020 quandam
809 2938 983 3015 rhetorum,
1009 2938 1062 3021 qui
1086 2959 1104 3001 a
1126 2937 1272 3021 magistro
1294 2933 1377 2996 Theo·
1468 2948 1470 2979 ³

303 3045 387 3107 dorei
417 3045 666 3130 appellabantur,
691 3047 804 3130 quibus
828 3048 963 3131 oppositi
987 3054 1073 3111 erant
1098 3045 1303 3130 Apollodorei.
1336 3037 1375 3102 cf.

304 3153 431 3233 Quinct.
464 3153 525 3218 III.
557 3158 585 3217 1.
613 3158 663 3220 17.
710 3155 750 3217 In
779 3155 866 3219 libris
897 3163 1000 3219 tamen
1031 3156 1114 3232 eius,
1150 3177 1228 3238 quos
1257 3153 1378 3216 recenset

307 3263 418 3326 Snidas
449 3264 469 3326 i.
499 3286 546 3341 v.,
579 3264 685 3327 nullus
716 3275 778 3343 est,
802 3267 921 3349 inquo
949 3265 987 3329 de
1009 3265 1067 3328 hoc
1091 3270 1269 3348 argumento
1291 3267 1378 3324 actum

303 3373 417 3435 credas.
465 3372 609 3450 Diodori,
635 3373 771 3436 Polionis
795 3375 854 3456 (vel
877 3374 1041 3455 Pollionis)
1064 3373 1120 3436 filii
1140 3374 1193 3456 qui
1214 3371 1314 3435 floruit
1328 3365 1375 3430 snb

304 3481 462 3546 Hadriano
485 3481 621 3559 ἐξήγησιν
643 3490 699 3548 τῶν
722 3484 898 3564 ζητουμένων
921 3485 1004 3562 πσρὰ
1027 3491 1086 3555 τοῖς
1103 3481 1174 3547 δέκα
1189 3485 1309 3564 ῥήτορσιν
1322 3479 1378 3542 lau·

304 3591 357 3654 dat
386 3591 496 3656 Suidas
528 3616 555 3656 v.
588 3594 717 3658 Πωλίων.
763 3593 823 3656 Sed
854 3602 1068 3677 argumentum
1099 3593 1158 3656 hoc
1188 3614 1252 3656 non
1280 3596 1323 3653 est
1342 3588 1378 3648 ita

305 3701 515 3778 reconditum,
544 3703 619 3785 quin
645 3724 662 3764 a
684 3701 823 3785 pluribus
847 3703 1052 3786 grammaticis
1076 3703 1161 3785 tangi
1185 3700 1329 3788 potuerit,
1348 3702 1378 3757 ut

305 3811 467 3874 temarium
491 3811 565 3874 adeo
589 3811 737 3888 videatur,
762 3834 857 3895 quum
879 3821 942 3875 tam
958 3813 1066 3895 ingens
1082 3833 1226 3874 numerus
1242 3811 1280 3873 sit
1294 3806 1377 3870 Theo

306 3919 450 3983 dorornm
473 3921 522 4003 (cf.
546 3920 654 4006 Pauly,
679 3922 870 4006 1166111116),
895 3922 1047 3986 Diodoros
1071 3943 1229 3985 arcessere.

351 4027 573 4107 Nicomachea,
598 4031 624 4093 si
647 4053 810 4114 sequamur
825 4031 1099 4115 Harpocrationem
1116 4054 1144 4094 v.
1161 4029 1298 4108 ἕπνβσλή,
1318 4022 1377 4087 sub-

306 4139 399 4203 lestae
422 4147 500 4202 esset
523 4139 611 4216 fidei;
636 4140 718 4204 unde
742 4147 930 4223 sequeretur,
955 4146 992 4202 nt
1014 4146 1119 4203 nostra
1141 4140 1238 4202 oratio
1260 4158 1295 4200 ex
1312 4131 1378 4195 falsa

306 4256 385 4312 essct
416 4249 685 4328 πνρννσεσσινμένν.
732 4249 791 4313 Sed
819 4272 928 4334 operae
957 4250 1089 4334 pretium
1112 4248 1151 4311 de
1175 4271 1210 4312 ea
1231 4245 1318 4333 paulo
1339 4260 1378 4303 ac·

307 4358 441 4422 curatius
464 4358 628 4442 inquirere.
1144 4360 1149 4367 '
