2958 5238
646 466 686 529 87

497 694 564 738 xm.
601 695 666 739 KAT’
684 700 834 739 Arornror.

172 887 188 970 t
211 887 240 950 7.
285 887 424 962 Ἡγοῦντο
445 884 469 951 δ’
491 887 586 952 οὐδὲν
609 883 699 953 ἄλλο
715 884 816 968 σφίσιν
827 883 956 962 ἐμποδὼν
966 879 1143 959 είνοιιῆτοὺς
1158 887 1209 947 τοῦ

131 994 215 1071 llaec
238 995 460 1076 προεστηκότας.
507 995 645 1062 (loniicio
671 996 784 1068 οὐδένας
808 998 934 1074 μᾶλλον.
970 992 1017 1057 Of.
1042 994 1129 1058 Dem.
1155 996 1207 1059 23.

133 1107 208 1184 2⁰4,
234 1109 286 1171 30.
312 1109 352 1172 37
357 1156 364 1170 .

169 1220 186 1304 t
208 1221 238 1282 9.
286 1219 333 1284 De
362 1219 548 1284 Theramene
576 1241 673 1284 sermo
696 1225 759 1296 eat,
784 1217 838 1301 qui
860 1215 1062 1301 pollicebatur
1083 1215 1117 1279 in
1140 1237 1227 1279 con»

129 1329 207 1394 tione
229 1327 273 1396 ὅτι
295 1368 342 1380 -
364 1332 473 1406 ποιήσει
501 1329 576 1395 diere
605 1330 682 1407 μήτε
709 1333 765 1393 τῶν
787 1332 893 1407 τειχῶν
916 1325 1016 1391 διελεῖν
1038 1326 1109 1404 μήτ’
1132 1323 1207 1389 ἄλλο
1259 1321 1262 1330 ’

129 1443 176 1515 τὴν
198 1441 283 1507 πόλιν
304 1444 471 1508 ἐλαττῶσαι
493 1440 590 1518 μηδὲν.
626 1439 674 1504 Ne
695 1439 764 1525 quis
786 1437 874 1518 μηδὲν
890 1437 928 1502 ad
947 1442 1002 1502 τῶν
1017 1442 1122 1519 τειχῶγ
1137 1459 1208 1522 sup·

127 1551 203 1635 pleat
225 1553 264 1617 ci.
288 1552 385 1617 Thur.
410 1551 471 1617 ΙΠ.
498 1555 550 1616 89.
576 1555 595 1616 3
620 1555 648 1636 (ἡ
664 1552 825 1632 ἕπίκλνοις)
840 1554 890 1615 τοῦ
906 1547 1035 1630 Φοινρίον
1050 1553 1105 1613 τῶν
1121 1548 1205 1623 ’Λίν-

128 1664 205 1727 νιιίον
227 1671 360 1743 capetus.
407 1663 612 1748 Aliquatenus
629 1660 748 1729 diversa
763 1670 835 1726 sunt
850 1661 929 1725 Plat.
946 1660 1048 1745 Symp.
1066 1663 1142 1726 213.
1159 1660 1206 1739 D,

129 1774 200 1839 Xen.
231 1774 330 1839 Anah.
347 1773 422 1838 VII.
447 1778 477 1838 4.
503 1776 540 1852 5,
570 1774 681 1858 quibus
704 1774 779 1838 locis
804 1773 922 1857 aliquot
945 1794 981 1836 ex
993 1795 1119 1837 numero
1135 1794 1209 1857 quo·

127 1885 193 1951 dam
214 1886 455 1972 intellegrmtnr3
480 1894 511 1951 et
533 1887 630 1951 Thuc.
654 1880 777 1952 11:75.
802 1890 839 1949 4:
864 1884 1003 1956 διελόντες
1022 1890 1072 1948 τοῦ
1090 1884 1207 1963 τείχους

128 1995 144 2079 ἧ
168 2000 343 2080 προςέπιπτε
374 1998 408 2062 τὸ
437 2004 532 2078 χῶμοι
564 1999 712 2080 ε’ςεΦίοονν
741 1999 793 2073 πίοι
823 2005 897 2079 γῆν,
929 1995 1011 2080 quod
1034 1993 1151 2059 dictum
1174 2004 1208 2060 ut

126 2131 212 2194 snpra
233 2112 251 2195 ᾧ
274 2086 320 2172 82'
343 2109 366 2173 εί
397 2109 610 2188 κατασκαφείη
637 2113 693 2174 τῶν
722 2114 829 2188 τειχῶν
850 2111 906 2175 τῶν
929 2111 1046 2185 ιιοικρῶν
1069 2107 1116 2171 ἐπὶ
1139 2106 1210 2172 δίκοι

25 2216 26 2219 '
125 2219 226 2286 ττοίδιοι
249 2219 392 2301 ἑκοιτέοον.
440 2219 677 2284 metaneam
701 2219 848 2283 hocloco
872 2218 955 2303 quod
971 2217 1120 2296 offendat3
1138 2242 1208 2284 nam

125 2340 189 2396 ante
219 2331 409 2397 infinitivum
440 2339 510 2418 post
540 2339 628 2397 ποιεῖν
658 2328 733 2396 ὥστε
763 2331 935 2395 subiectum
959 2354 977 2395 a
998 2332 1141 2416 primario
1160 2331 1209 2401 di·

124 2465 238 2508 veroum
261 2465 323 2508 non
348 2451 448 2529 potest
471 2445 591 2522 omitti3
615 2444 762 2508 omissum
786 2452 888 2508 autem
912 2443 961 2508 hic
980 2467 1044 2509 esse
1061 2443 1205 2510 Λοιιιεδοιι-

123 2554 229 2631 μονίους
257 2578 293 2620 ex
316 2559 482 2622 ἕοιοιττῶοοιι
506 2556 628 2622 demum
651 2557 850 2641 intellegitur.
881 2556 1019 2621 Proclive
1039 2564 1085 2620 cot
1100 2554 1204 2626 αὐτούς

124 2666 239 2732 addere.
268 2665 327 2730 sed
350 2667 509 2751 aliquanto
532 2668 720 2753 probabilius
745 2674 806 2746 est,
823 2668 932 2742 ποιήσοι
949 2689 1013 2731 esse
1029 2673 1206 2751 corruptum

123 2799 157 2840 er
186 2778 289 2844 τείσει.
336 2776 411 2841 Post
441 2778 543 2843 πείίειν
581 2779 736 2844 obiectum
772 2779 924 2844 omittitur
957 2785 992 2842 ut
1018 2777 1114 2841 Thuc.
1142 2776 1204 2840 ΙΙΙ.

127 2889 201 2952 100:
231 2888 458 2969 προπέμψαντες
480 2888 610 2972 πρότερον
632 2890 661 2963 ἔς
683 2916 717 2956 τε
740 2890 864 2970 Κόρινθον
882 2891 931 2954 acl
953 2889 1204 2965 ἒοΛοικεδοιίμονοι

16 3012 20 3023 ’
123 3000 255 3080 πρέσβεις
273 3039 319 3051 -
341 3001 480 3067 πείίονοιν
502 3001 576 3067 cirre
600 3004 684 3085 σφίσι
709 3002 828 3081 πέμψον
850 3001 1000 3082 οτοιιτιοίν.
1025 2999 1072 3064 Of.
1095 3000 1137 3064 id.
1153 3002 1203 3065 75.

127 3113 194 3177 let
219 3112 303 3178 alibi.
374 3134 375 3137 ’
1211 3125 1212 3129 ’

164 3223 181 3307 l
205 3225 256 3288 12.
303 3221 524 3307 Cleophantem
547 3222 731 3288 damnmunt
753 3223 899 3305 ποίφοιοιν
921 3222 974 3301 μὲν
994 3219 1036 3287 ίτι
1055 3225 1105 3288 οὐκ
1121 3219 1203 3297 ἦλθεν

125 3330 161 3404 εἰς
189 3335 231 3398 τοὶ
245 3332 340 3399 ’ίπλοο
370 3334 625 3413 ἀναπαυσόμενος,
655 3334 688 3398 τὸ
716 3333 740 3396 δ’
762 3333 866 3409 dantia
897 3330 938 3399 ὅτι
969 3335 1106 3400 οὶντεῒπεν
1135 3333 1203 3415 ὑπὲρ

126 3443 198 3520 ὑμῶν
227 3446 269 3523 μὴ
298 3445 442 3525 εοοίοοιριῖν
468 3446 510 3511 rol
531 3447 629 3528 τείχη.
676 3445 813 3511 Breviter
836 3455 1049 3510 commemorat
1071 3466 1148 3530 quae
1171 3445 1204 3508 in

126 3551 325 3620 Nicomachea
347 3558 374 3643 (d
400 3559 450 3641 10)
475 3558 573 3623 fusius
596 3565 777 3636 narrantur3
794 3558 959 3622 conflatum
975 3549 1039 3623 ciat
1054 3555 1203 3621 iudicium

127 3663 235 3730 adscito
266 3675 392 3746 senatu,
423 3671 475 3754 qui
504 3691 670 3757 paucorum
693 3668 814 3733 favebat
829 3669 982 3754 imperio,
1007 3691 1069 3754 quo
1092 3669 1203 3732 certius

126 3772 173 3838 illc
202 3776 463 3845 condemnaretur.
510 3777 616 3859 Quum
646 3781 783 3865 legitima
813 3779 909 3844 forma
938 3778 1044 3843 iudicii
1067 3802 1129 3844 non
1152 3779 1203 3843 ob·

127 3894 305 3965 servaretur,
329 3890 361 3952 in
385 3911 420 3953 eo
444 3911 566 3975 quoqne
585 3914 603 3954 a
619 3876 838 3957 consuetudine
853 3913 1004 3955 recessum
1020 3913 1101 3969 esse,
1119 3889 1201 3977 qnod

127 3995 234 4063 crimen
266 3999 471 4064 contumaciae
504 4001 646 4066 militaris
676 4002 714 4066 ad
737 4002 884 4068 indicium
908 4003 1032 4087 aliquod
1056 4004 1201 4086 (δικαστή-

126 4111 200 4191 ριον),
223 4131 285 4175 non
308 4109 348 4174 ad
371 4117 519 4196 strategos
542 4113 725 4192 deferretur,
750 4136 811 4178 non
836 4120 883 4178 est
906 4113 989 4197 quod
1011 4113 1072 4177 illis
1095 4113 1201 4178 turbu·

126 4213 209 4283 lentis
232 4220 421 4305 temporibus
444 4223 597 4287 miremur.
645 4223 703 4287 Sed
726 4225 759 4288 in
782 4224 839 4289 hac
854 4225 1000 4290 brevitate
1014 4247 1062 4288 me
1078 4224 1201 4309 quidem

127 4332 211 4396 tenue
242 4332 320 4397 illud
352 4333 589 4410 ἀναπαυσόμενος
612 4356 794 4419 magnopere
817 4333 954 4399 offendit.
989 4334 1050 4399 Fac
1072 4358 1133 4399 non
1157 4335 1202 4398 in·

128 4446 189 4527 epte
216 4445 336 4512 crimini
363 4446 469 4512 datum
491 4446 584 4513 fuisse
607 4446 808 4534 Cleophanti‚
833 4448 915 4534 quod
939 4448 996 4512 sub
1020 4455 1139 4512 noctem
1163 4447 1201 4511 ad
