2994 5234
794 453 857 512 234

279 648 357 712 buit.
405 648 506 732 Igitur
538 648 595 711 hoc
624 649 755 712 voluisse
780 648 901 711 videtur
924 656 1027 711 orator
1049 655 1170 710 noster:
1196 650 1239 711 sio
1263 649 1383 711 adhae-

279 758 387 822 rebant
417 760 618 844 patrimonio,
653 761 703 825 cui
734 761 836 824 omnia
867 766 954 843 grata
984 759 1171 835 referebant,
1202 768 1297 842 atque
1322 758 1383 822 alii

279 871 406 956 patriae.

323 983 339 1065 b
365 984 415 1044 14.
463 979 497 1046 ἵν’
527 982 611 1056 εἰδῆθ’
638 981 680 1047 ὅτι
710 989 811 1047 ταῦτα
840 988 950 1061 πρῶτον
980 982 1074 1056 άληίῆ
1103 982 1199 1058 λέγει,
1223 982 1380 1047 άκούσατε

277 1096 334 1155 τῶν
355 1092 515 1173 μαρτύριον.
552 1099 683 1173 Πρῶτον,
708 1093 809 1156 alieno
833 1092 901 1157 loco
924 1094 1077 1176 positum,
1103 1091 1278 1155 delendum.
1317 1092 1383 1154 Ex-

279 1201 358 1265 stitit
381 1203 509 1266 fortasse
533 1225 570 1266 ex
592 1205 622 1266 A
644 1226 837 1288 praegresso,
863 1203 946 1289 quod
971 1225 1026 1287 pro
1051 1203 1171 1266 numeri
1194 1211 1268 1265 nota
1287 1201 1381 1266 habi·

279 1320 345 1377 tum
370 1314 419 1377 sit.

323 1425 340 1508 φ
366 1426 415 1486 16.
462 1424 559 1488 Nulla
582 1448 674 1489 causa
697 1434 743 1488 est
766 1448 821 1489 cur
844 1426 955 1488 lacuna
976 1431 1131 1489 statuatur
1147 1433 1217 1509 port
1231 1424 1379 1503 ἐλέγχειν

279 1534 383 1607 αὐτόν,
410 1534 498 1597 cuius
522 1534 636 1598 indicia
659 1536 742 1620 apud
766 1535 918 1600 Cobetum
942 1559 1014 1599 casn
1035 1559 1071 1599 ex
1098 1535 1219 1600 Sclreibi
1236 1534 1379 1597 editione

279 1643 377 1727 priore
409 1647 587 1708 remansisse
615 1654 701 1729 puto.
738 1646 880 1710 Proxima
897 1647 1031 1710 sectione
1047 1668 1109 1709 non
1124 1645 1239 1729 recepit
1256 1644 1379 1707 coniec-

277 1761 361 1817 turas
393 1755 466 1818 olim
498 1756 668 1839 propositas
699 1755 784 1820 Orat.
818 1780 846 1841 p.
879 1759 938 1834 84,
963 1756 1001 1820 V.
1027 1755 1063 1819 L.
1092 1758 1170 1819 lll:
1203 1751 1283 1824 οὗτος
1315 1752 1379 1816 τοί-

278 1889 325 1930 νυν
352 1867 410 1945 οὐχ
440 1862 516 1937 ὅπως
548 1866 713 1948 ὠφέλησε
736 1869 789 1940 τίρν
811 1868 895 1931 πάλιν
915 1868 943 1930 ἐν
962 1867 1078 1945 τοιούτῳ
1097 1869 1183 1946 καιρῷ
1211 1863 1271 1928 καὶ
1291 1866 1380 1926 άπο-

199 2056 201 2060 ¹
278 1977 334 2057 ρίρι
363 1976 512 2054 τοιαάτρ
542 1982 802 2059 καταστᾶσαν,
834 1978 918 2041 άλλά
951 1975 1011 2041 καί
1042 1976 1194 2055 κερδαίνειν
1225 1975 1285 2037 άπὸ
1317 1979 1378 2036 τῶν

281 2088 422 2163 ὑμετέραν
453 2093 607 2169 συμφορῶν
637 2087 897 2165 παρεσκευάσατο,
930 2096 961 2150 et
991 2086 1059 2152 τότε
1083 2087 1135 2163 ριὲν
1159 2085 1262 2161 αὐτός,
1287 2083 1378 2166 quod

281 2196 438 2280 probabile
462 2196 557 2260 videri
581 2219 669 2281 posse
694 2198 786 2274 dicit,
813 2220 867 2281 pro
890 2223 919 2262 τ.
944 2222 977 2272 μ.
1004 2196 1092 2266 αὐτὸς
1116 2197 1209 2272 μόνος.
1256 2193 1303 2255 Εκ
1325 2193 1377 2255 his

278 2305 397 2369 ultimis
421 2307 448 2370 si
471 2307 545 2390 quid
570 2307 776 2371 omittendum
801 2318 896 2384 esset,
923 2330 984 2371 non
1005 2304 1377 2383 αόνος,εθι1αὐτο’ςυίιὶἰ-

278 2416 421 2481 oieudum
445 2416 609 2482 videretur.
646 2417 683 2480 In
707 2418 833 2500 reliquis
857 2418 982 2501 legerim
998 2421 1150 2499 ὠφελῆσαι
1167 2415 1285 2501 reliqua
1302 2437 1376 2478 con·

279 2529 428 2605 stimans,
449 2535 486 2591 ut
504 2528 536 2591 in
557 2528 715 2592 codicibus
731 2536 820 2604 snut,
838 2537 874 2591 ut
895 2528 970 2592 haec
990 2529 1034 2591 sio
1045 2528 1215 2610 iungantur
1227 2528 1284 2604 οὐχ
1296 2523 1376 2598 ὅπως

277 2638 398 2712 διενοήθη
429 2640 599 2718 ὠφελῆσαι,
631 2640 715 2702 άλλά
747 2639 988 2715 παρεσκευάσατο
1016 2635 1092 2709 ὅπως
1116 2662 1144 2701 τι
1166 2636 1298 2716 κερδανεῖ
1304 2685 1313 2713 ,
1340 2637 1374 2698 in

277 2746 391 2829 quibus
414 2747 494 2811 nihil
518 2755 563 2811 est
587 2749 739 2826 insolens,
770 2749 828 2812 nisi
853 2748 936 2833 quod
961 2756 1031 2831 post
1053 2751 1112 2828 οὐχ
1131 2746 1205 2818 ὅπως
1224 2754 1372 2826 (conton-

278 2864 338 2922 tcm
361 2863 431 2930 αοκ)
461 2859 494 2921 in
519 2858 645 2943 epodosi
669 2880 731 2922 non
755 2858 840 2922 άλλά
862 2859 929 2936 καί,
955 2859 1008 2922 sed
1033 2858 1163 2943 simplex
1186 2856 1270 2920 άλλά
1292 2856 1378 2919 inve-

277 2969 362 3032 nitur
394 2968 458 3051 (sed
490 2968 528 3033 cl.
562 2972 614 3033 30.
649 2972 708 3045 26,
742 2967 829 3032 Dem.
863 2971 912 3031 19.
939 2968 1224 3052 265);cont1ain
1248 2966 1378 3049 vulgata

277 3080 408 3144 lectione
425 3081 570 3161 ὠφελήσει
587 3080 736 3164 impedita
753 3086 799 3142 est
816 3086 845 3141 et
862 3078 1010 3162 languida
1028 3078 1188 3141 verborum
1205 3070 1376 3140 cumulatio

278 3191 321 3274 (οὐ
344 3189 484 3265 arelaten,
509 3187 602 3267 ὅπως,
627 3228 672 3238 -
694 3189 779 3254 άλλά
802 3187 1046 3267 παρεσκευάσατο
1071 3186 1146 3257 ὅπως
1171 3189 1238 3270 -).

321 3300 414 3383 pti.
462 3300 552 3375 ἐκείνη
584 3301 643 3380 γάρ
670 3299 762 3377 τούτῳ
785 3298 838 3376 ριὲν
864 3299 1021 3372 ἠπίστησεν
1045 3299 1246 3361 άποθανοῦσαν
1269 3296 1376 3369 ἑαυτὴν

277 3409 451 3491 ἐπιτρίψαι,
482 3402 650 3492 Ἀντιφάνει
674 3412 699 3475 δ’
724 3411 800 3475 οὐδὲν
824 3411 1003 3489 προςήκουσα
1028 3409 1233 3484 πιστεύσασα,
1256 3406 1375 3489 ἔδωκεν,

277 3549 304 3587 κ.
328 3548 356 3588 τ.
381 3522 402 3584 ἓ.
437 3520 586 3605 Taylorus
611 3530 641 3584 et
668 3519 869 3584 Marklaudus
886 3519 1099 3602 praeferebant
1114 3519 1289 3598 προσήκοντι.
1314 3516 1375 3581 Sed

278 3657 313 3699 ea
336 3633 511 3697 coniectura
533 3632 611 3695 nihil
635 3653 713 3715 opus
738 3640 794 3694 cst.
819 3629 947 3713 Saepius
964 3630 1045 3692 enim
1065 3629 1160 3692 Attici
1176 3628 1376 3713 participium

278 3745 454 3828 adiungunt
477 3742 632 3818 subiect0,
658 3741 741 3825 quod
765 3764 801 3804 ex
824 3740 1007 3804 Latinorum
1033 3747 1063 3802 ct
1086 3749 1191 3802 nostra
1211 3745 1378 3801 consuetu-

278 3857 349 3922 dine
381 3856 433 3919 alii
462 3853 584 3917 cuidam
608 3853 801 3917 substantivo
826 3850 1114 3914 accommodaveris.
1162 3849 1242 3912 Plat.
1267 3847 1374 3931 Symp.

282 3971 355 4031 181.
386 3967 433 4030 D:
467 3964 745 4048 (παρεσκευασμένοι
777 3961 857 4046 είσίν)
885 3963 935 4026 οὐκ
965 3960 1210 4035 ἐξαπατήσαντες
1234 3959 1262 4021 ἕν
1286 3960 1377 4035 άφρο-

278 4077 348 4159 orlon
375 4077 560 4153 λαβόντες
591 4078 627 4146 ὡς
660 4075 732 4148 νέον,
764 4071 1033 4149 καταγελάσαντες
1058 4071 1226 4150 οἰχήσεσθαι
1251 4069 1306 4150 (z
1323 4082 1376 4141 λκ-

277 4186 417 4275 φίέντα).
464 4185 511 4249 Id.
545 4185 628 4248 Prot.
659 4187 734 4247 320.
768 4185 812 4246 A:
843 4190 984 4260 Περικλῆς
1010 4180 1102 4251 δεδιὼς
1129 4178 1191 4255 περί
1217 4180 1308 4241 αὐτοῦ
1333 4180 1376 4252 μὴ

278 4301 423 4380 διαφθαρῇ
455 4298 487 4371 δὴ
517 4297 566 4361 ὑπ’
597 4294 801 4373 Ἀλκιβιάδου,
833 4292 1058 4361 άποσπάσας
1089 4287 1148 4351 άπὸ
1176 4286 1295 4363 τούτου,
1322 4311 1376 4350 κα-

279 4410 434 4489 ταθέμενοι
466 4411 493 4472 ἐν
524 4407 689 4486 Ἀρίφρονος
721 4404 854 4473 ἐπαίδευε
886 4405 941 4483 (z
964 4398 1214 4479 ἀποσπασθέντα).
1251 4394 1300 4459 Of.
1327 4396 1375 4462 Id.
