3002 5240
829 453 872 513 ³4

305 650 359 714 ubi
390 673 426 713 ex
457 651 597 735 apposito
626 650 758 731 φεύγετε
783 652 873 714 etiam
898 652 961 714 sine
985 653 1119 736 genitivo
1144 654 1294 718 sententia
1317 654 1396 717 satis

305 768 351 825 est
374 763 543 847 perspicua.
591 760 675 841 Quid
700 763 725 825 si
748 763 867 826 litterae
886 763 1004 846 aliquot
1017 765 1211 844 exciderunt,
1229 774 1264 829 ut
1279 766 1395 829 lectum

306 874 378 936 olim
406 874 499 937 fuerit
529 873 633 938 ἀποάεν
668 872 764 945 orale?
806 873 999 939 Excidissent
1030 877 1072 940 sio
1095 875 1188 955 ἀποθς
1213 900 1274 961 quo
1298 876 1395 940 modo

306 986 461 1069 corruptio
492 985 612 1048 facilius
635 985 841 1069 intellegitur,
873 1009 965 1069 quam
988 987 1014 1050 si
1036 995 1154 1051 statuas
1176 988 1311 1061 ἀποοτάς
1335 999 1394 1054 aut

305 1097 432 1176 ἀποδράς
455 1097 528 1160 olim
551 1096 664 1159 lectum
688 1097 802 1160 fuisse·
827 1095 909 1160 Nam
931 1099 962 1160 in
987 1097 1140 1177 Palatino,
1165 1102 1217 1163 cui
1233 1101 1314 1165 libro
1330 1102 1394 1164 soli

306 1207 414 1292 Lysiae
444 1209 597 1272 orationes
628 1207 790 1285 debemus,
821 1209 999 1272 omissiones
1029 1217 1102 1273 sunt
1134 1210 1299 1275 admodum
1334 1212 1395 1276 frc-

305 1328 443 1404 quantes.

349 1431 496 1496 Nondum
524 1454 560 1495 cx
584 1431 708 1515 proeliis
732 1431 897 1495 evadimus.
945 1430 1025 1496 Nam
1047 1433 1154 1497 induci
1179 1456 1241 1497 non
1265 1456 1394 1519 possum

305 1551 340 1607 nt
362 1543 485 1628 Lysiam
508 1544 540 1606 in
563 1543 620 1606 hac
644 1544 796 1619 oratione,
821 1543 862 1606 in·
877 1565 938 1626 qua
961 1543 1104 1628 pleraque
1128 1553 1201 1608 sunt
1216 1552 1314 1622 tersa,
1333 1545 1395 1609 ele-

304 1656 423 1738 gantia,
453 1655 528 1719 bene
551 1653 711 1730 meditata,
736 1653 838 1716 minus
862 1654 1016 1719 evidenter
1038 1656 1055 1739 d
1080 1658 1119 1717 18
1144 1677 1279 1740 pugnam
1303 1678 1395 1719 enar·

304 1767 416 1830 ravisse
440 1771 562 1850 putem,
588 1766 620 1828 in
644 1787 704 1847 qua
728 1787 847 1828 summa
865 1766 913 1828 rei
936 1774 1082 1830 versetur.
1121 1766 1283 1851 Leguntnr
1299 1767 1391 1831 haec:

304 1875 409 1956 μάχνς
439 1877 468 1941 δὲ
486 1877 668 1955 4γενομένης,
700 1872 720 1940 ὦ
750 1877 860 1959 βουλή,
893 1878 942 1942 aul
972 1884 1022 1943 τοῦ
1055 1879 1200 1959 aequata
1223 1879 1393 1956 βάλλοντος

304 1989 408 2059 αὐτοὺς
442 1989 500 2052 aul
531 1988 608 2067 περὶ
639 1994 699 2052 τοῦ
729 1990 896 2065 σώματος
925 1991 1145 2067 ἀμυνομένου
1171 1990 1393 2055 καὶτούτων

304 2101 399 2175 ἡμᾶς
421 2099 649 2180 βαλλόντων,
672 2100 726 2165 ἐτν
750 2100 784 2163 δὲ
806 2099 1013 2164 τυπτόντων
1036 2101 1145 2164 αὐτὸν
1165 2100 1230 2163 ὑπὸ
1250 2109 1312 2175 τῆς
1332 2100 1393 2178 μέ-

302 2210 362 2284 das
384 2212 444 2275 aul
468 2214 553 2288 ἐμοῦ
576 2210 800 2287 ἀμυνομένου
823 2210 872 2273 xxi
895 2218 950 2274 τῶν
974 2212 1213 2290 πονράνενομένοον
1229 2211 1391 2282 cisiliaco·

301 2321 394 2401 μένοις
419 2326 486 2398 ἡμῖν
510 2321 648 2385 ἀπάντυν
671 2320 904 2400 ἐπικουρούντων,
929 2322 957 2385 ἐν
980 2322 1072 2402 τούτῳ
1095 2323 1135 2402 τῷ
1154 2321 1261 2402 θορύβῳ
1280 2347 1391 2403 συντρο-

301 2432 416 2510 βέμεέοο
446 2433 501 2503 τοὶς
524 2434 663 2515 κεφοολάς
686 2431 827 2504 ἀποοντες.
874 2430 933 2495 Res
957 2432 1059 2516 agitur
1081 2432 1113 2495 in
1137 2432 1277 2516 publioo;
1302 2431 1388 2496 Simo

302 2566 371 2607 cum
402 2544 490 2606 sociis
519 2544 549 2606 vi
576 2542 769 2606 Theodotum
793 2543 947 2627 capientes
971 2542 1089 2606 obviarn
1113 2543 1193 2606 fiunt
1215 2542 1386 2621 defensori,

302 2656 355 2739 qui
386 2654 463 2717 hane
494 2654 637 2719 iniuriam
660 2676 723 2717 non
746 2655 844 2717 ferens
867 2652 1028 2737 prehendit
1051 2654 1291 2733 adolescentem
1316 2662 1387 2718 tum

300 2766 363 2843 illi,
395 2766 453 2830 hoc
484 2765 521 2828 de
551 2764 693 2828 manibus
724 2765 834 2841 misso,
861 2763 1019 2829 verberant
1042 2765 1286 2849 aggredientem:
1309 2767 1388 2848 ἀφέ-

300 2902 377 2955 μενον
407 2878 436 2942 δὲ
466 2883 516 2941 τοῦ
547 2876 692 2940 νεοονίοκου
723 2874 845 2969 ἔτυπτον
868 2876 929 2951 ἐμέ.
977 2874 1055 2939 Cum
1078 2877 1137 2940 hoc
1160 2884 1278 2962 pugnat
1301 2876 1387 2961 quod

298 2989 365 3053 loeo
389 2989 426 3052 de
450 3011 510 3072 quo
534 2988 653 3071 agimus
677 2988 807 3070 legitur,
831 2986 885 3049 uhi
908 2985 1107 3065 Theodotus²
1129 3010 1217 3071 quem
1238 2990 1388 3055 miserant

299 3100 381 3165 Simo
404 3102 531 3183 eiusque
556 3098 689 3175 sodalcS,
715 3098 828 3161 dicitur
850 3120 882 3160 se
905 3097 1079 3174 defendere,
1100 3099 1187 3182 quasi
1203 3100 1336 3184 impetus
1352 3101 1386 3163 in

299 3211 387 3275 illurn
411 3211 480 3274 fiat:
504 3210 555 3275 aul
580 3210 641 3290 περὶ
670 3215 720 3274 τοῦ
735 3208 871 3285 σώματος
886 3208 1074 3286 ἀμυνομένου.
1110 3207 1197 3287 Quae
1213 3215 1387 3293 sequuntur

298 3323 347 3386 νυοὶ
378 3323 485 3386 τούτων
516 3324 597 3398 ἡμάς
630 3317 801 3396 βοολλόντυν
824 3318 903 3382 nihil
926 3319 997 3382 novi
1020 3319 1179 3383 continent
1202 3328 1270 3403 post
1293 3320 1386 3383 verba

298 3431 352 3495 illa
378 3431 501 3497 ἔτυπτον
524 3432 592 3508 ἐμέ,
616 3431 678 3494 nisi
703 3437 791 3516 putes
815 3431 922 3508 βοιλεῖν
946 3429 983 3493 de
1006 3430 1132 3494 vulnere
1156 3431 1275 3494 eminus
1298 3430 1384 3494 illato

300 3566 364 3607 esse
386 3543 646 3628 intellegendum,
672 3564 733 3627 quo
757 3564 805 3605 res
828 3542 912 3605 fieret
929 3541 1020 3605 ctiam
1036 3540 1210 3618 obscurior,
1227 3564 1298 3604 narn
1313 3563 1384 3604 reus

300 3676 408 3717 manus
432 3656 594 3718 conseruit.
643 3652 787 3716 Narratio
811 3651 854 3714 sic
875 3658 957 3714 recte
979 3652 1171 3735 procederat:
1195 3650 1335 3731 ἀφέμενον
1356 3652 1385 3716 δὲ

203 3810 205 3814 ,
299 3769 349 3828 τοῦ
372 3765 516 3829 νεανίσκου
539 3765 662 3843 ἔτυπτον
685 3763 746 3840 ἐμέ.
782 3760 897 3840 Malacae
921 3761 951 3824 δὲ
972 3761 1143 3839 γενομένης,
1162 3756 1183 3824 ὦ
1203 3760 1315 3837 βουλή,
1332 3760 1383 3825 κον)

299 3881 350 3940 τοῦ
373 3875 519 3953 μενοουάου
534 3848 704 3952 Ι’βάλλοντος
727 3872 832 3942 adradi
857 3871 895 3953 (is
919 3871 1029 3934 missus
1053 3870 1090 3934 ab
1107 3870 1285 3936 adversariis
1300 3893 1383 3936 nunc

300 3987 418 4051 eminus
450 4009 501 4051 eos
532 3987 687 4062 vulnerat,
711 3985 749 4048 of.
773 3975 884 4068 ΜΒ),
909 3983 957 4048 aul
981 3987 1066 4060 ἐμοῦ
1089 3984 1151 4063 περὶ
1174 3989 1225 4049 τοῦ
1248 3983 1382 4060 σώματος

299 4097 478 4175 ἀμυνομένου
509 4097 662 4180 (nimirum
694 4094 758 4180 ipse
791 4101 927 4177 arreptus
955 4097 1049 4178 erat),
1073 4094 1122 4157 νυνὶ
1145 4099 1201 4158 τῶν
1223 4116 1384 4174 παραγενο-

298 4208 390 4285 μένων
421 4234 448 4273 κ.
476 4232 505 4273 τ.
529 4208 552 4272 έ.
609 4204 740 4288 Reliqua
770 4210 823 4266 aut
853 4203 932 4283 nihil
963 4203 1121 4289 prodesse,
1154 4212 1208 4268 ant
1236 4202 1382 4288 impedire

298 4340 420 4382 cursum
444 4317 626 4382 narrationis
650 4313 811 4378 contende.
859 4311 1007 4391 Quaesita
1033 4314 1174 4377 consulto
1197 4314 1380 4378 obscuritate

297 4429 402 4493 locum
426 4427 617 4491 auditoribus
641 4424 737 4488 facere
764 4423 897 4488 voluisse
920 4431 1070 4487 oratorem
1093 4445 1155 4488 non
1179 4423 1287 4503 credo,
1303 4420 1380 4488 illud
