3002 5240
291 1372 317 1438 Ι.
364 1373 420 1437 DE
442 1371 595 1437 Lrslnu
618 1371 787 1437 GENERE
810 1369 999 1435 omnum.

466 1597 512 1660 De
534 1596 641 1681 Ipsiac
663 1595 817 1679 'Hdorrodqa

152 1812 273 1899 Lysiam
303 1816 357 1900 qui
380 1824 450 1903 post
472 1816 652 1903 Dionysium
674 1818 971 1883 Halicarnassensem
993 1815 1116 1880 laudare
1140 1837 1186 1879 oo·

112 1931 212 2003 netur,
244 1948 349 1990 vereor
378 1950 417 1991 ne
445 1926 574 1993 Iliadem
597 1936 666 2014 post
689 1929 856 1993 Homerum
878 1928 1007 1993 scribere
1029 1927 1184 2003 videatur;

113 2038 200 2100 tantis
231 2037 286 2102 ille
307 2038 450 2102 laudibus
474 2039 593 2104 extollit
616 2048 783 2119 oratorem,
807 2047 843 2104 ut
865 2038 990 2125 paulum
1012 2061 1029 2101 a
1052 2038 1186 2122 perfecto
1233 2116 1236 2121 ,

24 2214 25 2219 γ
114 2146 210 2213 obesse
232 2149 380 2243 rideatur.
427 2149 468 2214 ut
491 2151 619 2215 virtutes
643 2152 766 2238 quidem
789 2152 854 2229 eius
870 2151 908 2214 ad
924 2151 1024 2236 capita
1039 2149 1187 2235 quaedam

113 2267 235 2325 revocat.
282 2260 339 2324 Est
368 2262 449 2325 enim
471 2260 639 2326 secundum
661 2261 843 2348 Dionysium
866 2283 960 2346 purus
983 2262 1047 2324 eius
1071 2281 1185 2335 serm03

114 2377 208 2435 orator
231 2372 362 2457 propriis
385 2379 416 2436 et
438 2372 612 2457 vulgaribus
635 2374 734 2437 utitur
752 2372 868 2450 verbis;
885 2372 1060 2456 perspicuus
1076 2374 1107 2434 et
1123 2370 1187 2434 bre·

113 2475 161 2544 vis
182 2491 229 2547 est
258 2483 349 2561 adeo,
380 2489 415 2546 ut
440 2504 502 2547 non
533 2505 653 2548 omnem
683 2484 743 2548 vim
772 2506 856 2547 suam
880 2482 1028 2568 explicare
1052 2481 1187 2544 videatur

114 2593 159 2676 (τῷ
180 2593 210 2659 δὲ
232 2594 321 2676 ῥήτορι
344 2594 504 2675 περιουσίαν
527 2593 672 2675 δυνάμεως
695 2594 871 2672 ἐνδείξασθαι
894 2593 1021 2676 ζητοῦντι
1043 2595 1100 2673 οὐχ
1122 2593 1186 2656 ixc-

114 2707 159 2774 νῶς
181 2727 223 2770 sc.
248 2704 367 2785 βραχύς
392 2707 470 2770 ἐστιν
491 2707 521 2770 ἕν
539 2714 599 2778 τοῖς
623 2706 734 2784 λόγους,
758 2728 783 2772 c.
802 2708 847 2791 5);
871 2705 983 2770 densus
1000 2710 1046 2769 est
1062 2710 1092 2767 et
1107 2726 1187 2788 pres·

115 2835 160 2878 sos
181 2816 214 2880 in
237 2815 369 2901 periodis
393 2818 430 2900 (c.
456 2819 505 2901 6);
533 2840 643 2903 magna
674 2820 738 2882 eius
762 2812 861 2882 estin
885 2815 1107 2881 narrationibus
1131 2815 1190 2879 evi-

115 2923 226 3005 dentia3
260 2928 374 3012 optime
403 2949 502 2991 mores
533 2928 622 3013 fingit
652 2928 820 2993 dicentium
827 2954 836 3006 ;
867 2949 937 2992 nam
965 2926 1121 3011 ingenium
1151 2925 1190 2988 iis

114 3033 240 3117 bonum,
270 3038 473 3102 elocutionem
504 3039 671 3124 simplicem
694 3046 785 3125 atque
807 3039 940 3103 nativam
963 3037 1087 3114 tribuit,
1112 3035 1191 3099 ordi-

115 3168 178 3212 nem
207 3151 298 3215 etiam
328 3157 450 3236 grabrm
480 3157 511 3213 et
540 3151 578 3214 ad
609 3151 836 3236 persuasionem
858 3149 1135 3226 accommodatum,
1160 3154 1192 3211 et

25 3302 27 3355 p
115 3255 221 3344 inipso
238 3262 312 3325 artis
328 3261 381 3345 qui
396 3261 518 3325 videtur
533 3262 676 3346 neglectu
692 3269 787 3326 artem
799 3267 900 3325 orator
910 3260 1071 3324 maximam
1082 3258 1189 3337 habet;

25 3392 26 3425 1
117 3373 144 3429 et
169 3392 203 3434 eo
233 3370 318 3456 ipso,
350 3372 433 3458 quod
463 3394 525 3436 non
557 3374 652 3457 perite
686 3373 866 3438 distribuere
889 3373 1026 3450 videtur,
1050 3372 1190 3457 peritiam

116 3474 200 3544 habet
229 3489 260 3546 et
290 3483 352 3547 vim
378 3485 581 3568 persuasionis
613 3484 752 3549 eximiam
775 3487 812 3568 (c.
839 3486 886 3568 8);
919 3490 1008 3569 aptus
1040 3490 1104 3562 est3
1136 3504 1190 3567 pro

118 3586 234 3656 diversis
257 3594 424 3672 aetatibus,
450 3594 578 3672 studiis,
602 3595 805 3681 reliquisque,
830 3594 939 3679 quibus
956 3593 1096 3659 homines
1112 3595 1192 3663 inter

119 3720 147 3762 se
174 3701 318 3769 differunt
339 3707 435 3770 variat
457 3707 643 3786 orationem3
668 3708 757 3772 aliter
780 3707 855 3770 dicit
877 3728 978 3770 coram
1001 3704 1135 3791 populo,
1159 3704 1192 3768 in

120 3806 239 3893 iudicio,
262 3817 295 3880 in
318 3816 463 3881 festorum
477 3817 647 3904 frequentia
655 3846 665 3898 ;
681 3819 770 3883 aliter
784 3819 817 3881 in
832 3816 987 3902 principiis
1003 3815 1191 3894 orationum,

122 3915 149 3982 in
158 3928 343 4005 narratione,
359 3929 392 3992 in
407 3928 603 4008 refutatione,
620 3931 652 3993 in
669 3929 789 4016 epilogo
797 3955 806 4006 5
823 3927 955 4012 denique
971 3927 1067 4012 gratia
1082 3925 1192 4011 (χάρις)

121 4025 203 4098 huius
226 4059 260 4101 ea
282 4046 344 4116 est,
368 4061 460 4125 quam
482 4062 570 4104 nemo
594 4039 841 4127 aequiparaverit.

161 4142 261 4211 Unum
284 4145 330 4214 est
352 4151 561 4215 tautummodo
584 4152 617 4215 in
633 4175 693 4236 quo
709 4149 874 4234 Dionysius
891 4147 1055 4234 praefracte
1070 4145 1192 4230 Lysiam

123 4256 307 4335 reprehendit
313 4286 322 4338 3
345 4262 446 4325 minus
470 4264 550 4326 enirn
572 4261 754 4326 laudabilem
778 4261 853 4326 dicit
876 4258 1192 4344 eiusdispositionem

125 4381 146 4424 θ.
166 4367 202 4430 15
223 4371 278 4435 sub
297 4372 317 4436 f.
326 4399 336 4450 3
356 4354 593 4454 τυροικολεύομοιι
612 4381 671 4446 τοῖς
690 4373 953 4452 ἀναγιγνώσκουσιν
977 4371 1064 4436 οιύτὸν
1080 4406 1124 4417 --
1140 4369 1192 4441 τὴν

125 4470 197 4551 τάξιν
211 4482 258 4546 xri
274 4483 325 4557 ria
342 4482 481 4563 ἕργοισιοιν
498 4485 591 4550 οὔτῶν
609 4485 675 4568 (τῶν
686 4483 904 4567 ἐνθυμημάτων)
916 4480 1095 4560 ἐνδεεστέραν
1105 4474 1192 4542 οὗσοιν

1056 4597 1069 4650 l
