2994 5234
837 429 901 490 ΝΞ

326 627 445 712 generis
469 634 560 706 sunt,
589 636 625 692 ut
649 626 820 712 euphoniae
844 627 983 692 studioso
1007 628 1122 692 oratori
1145 629 1235 692 facile
1258 630 1398 713 potuerint

327 737 484 815 excidere,
509 759 565 801 nec
588 736 800 821 improbanda.

372 845 540 910 Subductis
570 846 742 911 rationibus
773 846 852 910 nihil
883 846 973 911 video
1004 847 1165 931 equidem,
1198 848 1281 931 quod
1304 846 1398 931 Lysiae

326 955 433 1019 stilum
456 954 611 1020 dedeceat.
659 954 754 1035 Quod
786 956 937 1041 quaedam
968 956 1006 1020 ab
1038 957 1167 1022 historia
1195 955 1398 1033 recedunt,in

326 1087 391 1128 eam
422 1073 540 1149 partem
570 1067 628 1129 erit
650 1066 931 1151 interpretandum,
957 1075 994 1130 ut
1017 1067 1163 1131 callidum
1187 1069 1290 1153 potius
1312 1087 1399 1130 causa·

327 1197 395 1238 rum
419 1183 581 1260 patronum
605 1198 697 1260 quam
719 1176 850 1261 probum
875 1177 974 1240 virum
997 1199 1029 1240 se
1052 1185 1196 1261 praestet.

581 1406 696 1452 xxvlll.
726 1407 793 1452 KAT’
813 1413 992 1453 EPI'OKAEO'OE
1012 1415 1159 1454 rumores.

374 1606 519 1692 Ergocles
549 1606 732 1691 Thrasybuli
759 1607 792 1670 in
817 1608 927 1671 ultima
955 1608 1020 1671 eius
1045 1607 1240 1693 expeditione
1263 1605 1356 1670 socius
1376 1610 1402 1665 et

331 1719 447 1781 amicus
466 1716 588 1794 iisdem,
606 1716 720 1800 quibus
736 1716 788 1780 ille
805 1717 984 1781 criminibus
1001 1717 1099 1781 teneri
1114 1717 1229 1782 dicitur
1245 1719 1272 1801 (q
1287 1720 1304 1778 6
1321 1723 1349 1778 et
1363 1716 1389 1796 8)
1393 1738 1401 1788 ;

330 1825 384 1890 sed
414 1825 642 1911 Thrasybulum
671 1826 751 1890 inter
782 1826 898 1890 bellum
928 1848 1010 1890 mors
1042 1833 1247 1912 occupaverat
1277 1848 1302 1888 a.
1332 1824 1403 1898 389,

330 1935 475 2019 Ergocles
507 1934 634 1999 domum
667 1942 827 1999 revocatus
861 1957 985 1999 causam
1020 1935 1120 1999 dicere
1151 1934 1281 2020 cogitur.
1324 1929 1404 2016 Apud

332 2044 568 2128 Xenophontem
600 2044 683 2108 Hell.
714 2045 771 2109 IV.
805 2048 834 2109 8.
868 2048 999 2109 25-30
1033 2067 1112 2130 quae
1134 2044 1282 2128 leguntur
1303 2042 1406 2106 iaciunt

331 2162 366 2217 ut
389 2153 479 2218 fidem
504 2153 632 2218 habeam
654 2155 712 2232 iis,
737 2177 815 2239 quae
839 2155 877 2218 de
901 2156 991 2219 sociis
1013 2154 1143 2239 direptis
1164 2155 1197 2217 in
1213 2154 1270 2218 hac
1285 2153 1404 2217 oratione

331 2266 411 2349 §it
437 2265 593 2329 dicuntur.
639 2262 720 2327 Nam
745 2286 842 2347 quum
864 2265 898 2328 in
916 2265 1090 2329 Teleutiam
1104 2256 1250 2329 Rhodum
1266 2269 1403 2329 tenentem
1468 2338 1473 2355 Ἠ

329 2374 441 2438 missus
464 2381 544 2438 esset
561 2374 790 2460 Thrasybulus,
808 2375 956 2460 primum,
973 2384 1008 2439 ut
1025 2375 1187 2461 pecuniam
1208 2375 1265 2439 sibi
1282 2380 1402 2458 pararet,

330 2485 460 2568 Byzanti
481 2485 652 2569 portorium
672 2484 840 2549 anavibus
860 2507 897 2548 ex
914 2484 1117 2570 Hellesponto
1141 2484 1276 2549 advectis
1299 2484 1403 2566 exigen-

330 2594 405 2658 dum
432 2594 545 2658 locavit
568 2596 596 2678 (q
613 2597 686 2679 27),
709 2602 776 2658 tum
799 2594 934 2658 Lesbum
958 2617 1139 2679 expugnans
1163 2616 1248 2678 spem
1270 2591 1403 2658 militibus

208 2766 212 2774 .
330 2703 476 2788 pecuniae
500 2710 634 2767 ostentat
657 2704 684 2787 (q
707 2705 779 2787 28),
800 2703 932 2788 denique
952 2703 1113 2781 Rhodum,
1131 2711 1162 2767 et
1178 2704 1289 2785 deinde
1303 2703 1404 2785 Aspen·

330 2812 404 2877 dum
433 2814 466 2876 in
497 2812 711 2898 Pamphyliam
742 2818 866 2890 nectua,
900 2812 1017 2897 ubique
1048 2812 1164 2876 tributa
1195 2835 1213 2876 a
1245 2808 1404 2876 civitatibus

330 2923 426 3007 exigit
449 2925 479 3007 (q
502 2926 566 3007 30).
613 2921 723 3008 Neque
747 2929 850 2987 tamen
873 2922 931 2986 hoc
955 2923 1053 3007 egisse
1076 2921 1249 2988 censendus
1273 2929 1316 2985 est
1331 2917 1365 2983 ad
1378 2935 1403 2976 se

330 3032 606 3116 locupletandum,
631 3032 730 3117 qualis
755 3033 890 3117 suspicio
913 3055 976 3097 uon
1000 3034 1146 3096 convenit
1167 3034 1200 3096 in
1223 3053 1321 3096 mores
1342 3025 1403 3100 viri,

330 3165 401 3206 eum
426 3143 464 3207 ab
488 3142 573 3221 aliis,
599 3149 668 3206 tum
691 3164 709 3205 a
732 3141 956 3227 Xenophonte,
981 3164 1071 3226 parce
1094 3143 1275 3226 ceteroquin
1297 3132 1406 3204 Atheni·

331 3274 418 3315 enses
441 3251 474 3314 in
498 3250 666 3315 Hellenieis
689 3251 855 3334 laudante,
881 3251 1025 3315 celebrati
1048 3252 1089 3316 ib.
1113 3253 1130 3335 q
1153 3254 1213 3316 31:
1239 3252 1288 3316 cai
1308 3243 1405 3326 Opust-

330 3362 436 3439 βουλος
458 3361 512 3437 μὲν
536 3360 569 3434 δὴ
593 3360 682 3438 nexa
705 3361 789 3425 δοκῶν
811 3362 881 3440 ἀνὴρ
904 3362 1017 3437 ἀγαθὸς
1033 3358 1105 3427 εἶναι
1121 3358 1208 3433 οὕτως
1225 3360 1402 3431 ἐτελεύτησεν·

330 3470 390 3534 Sed
414 3469 521 3534 fecisse
543 3470 647 3554 potius
671 3469 794 3534 videtur
817 3470 856 3533 ad
880 3469 1024 3547 alendum
1048 3472 1232 3549 exercitum,
1256 3470 1305 3534 cui
1319 3485 1403 3531 ueces-

329 3580 409 3643 saria
432 3579 522 3643 domo
547 3600 609 3642 non
633 3580 708 3644 satis
728 3579 844 3643 fuerint
865 3580 1071 3664 suppeditata.
1107 3579 1211 3644 Verba
1226 3579 1331 3664 Lysiae
1344 3576 1359 3658 d
1372 3574 1399 3633 8:

331 3688 537 3771 Θρασύβουλος
566 3690 619 3768 μὲν
646 3686 709 3767 οὖν,
733 3686 754 3754 ὦ
777 3688 875 3771 ἄνδρες
901 3689 1063 3765 Ἀθηναῖοι,
1091 3689 1179 3774 (οὐδὲν
1205 3690 1266 3772 γὰρ
1291 3689 1332 3752 δεῖ
1351 3679 1402 3760 περὶ

330 3802 421 3865 αὐτοῦ
455 3799 546 3864 πλείω
581 3799 690 3886 λέγειν)
726 3805 843 3872 καλῶς
876 3801 1041 3875 ἐποίησεν
1075 3799 1162 3865 οὕτω
1197 3796 1402 3869 τελευτήσας

330 3909 388 3975 τὸν
421 3907 500 3986 βίον
531 3909 673 3974 consulto
707 3907 837 3972 obscura
867 3915 942 3973 suut
973 3916 1003 3972 et
1036 3908 1197 3994 ambigua,
1227 3916 1262 3972 ut
1288 3898 1403 3986 suspicio

330 4026 524 4104 spargeretur
566 4017 792 4103 Thrasybulum
839 4018 1003 4082 imminens
1041 3999 1214 4102 periculum
1248 4007 1402 4080 voluntaria

329 4135 427 4192 morte
459 4129 669 4213 praevertisse.
716 4127 757 4191 Et
787 4128 880 4191 simili
903 4127 1072 4192 ealliditate
1096 4129 1128 4191 in
1151 4127 1277 4210 reliquis
1299 4135 1402 4206 quoque

331 4239 512 4303 criminibus
536 4239 601 4302 sine
624 4237 721 4301 dubio
745 4244 848 4301 orator
871 4243 1008 4301 versatus
1033 4242 1088 4300 est.
1128 4233 1210 4298 Nam
1232 4229 1353 4318 Byzanti
1366 4245 1403 4287 οῦ·

331 4349 475 4432 cupati0,
507 4371 599 4432 quam
632 4370 650 4410 a
679 4346 871 4431 Thrasybulo
903 4354 934 4410 et
964 4344 1093 4430 Ergocle
1124 4344 1236 4407 factam
1259 4364 1320 4405 esse
1341 4332 1401 4399 ditit
