3002 5240
640 421 681 482 39

123 636 397 692 commemoratum.
433 628 637 693 Statuendum
661 635 707 692 est
730 637 832 694 autem
857 630 893 694 de
910 638 999 715 pacto
1014 630 1132 714 privato
1145 655 1204 695 ser·

122 760 238 803 monem
264 764 345 818 esse,
370 741 451 825 quod
474 741 512 804 de
534 742 758 826 permutatione
782 749 812 806 et
832 742 959 805 ancillae
975 743 1129 805 communi
1144 765 1203 806 usu

122 849 229 912 initum
254 851 374 945 luerit&
389 854 420 915 in
445 875 506 935 quc
530 852 623 915 simul
643 853 722 916 inter
738 854 931 918 condiciones
948 854 1202 917 reconciliationis

122 960 253 1044 positum
289 961 380 1026 fuerit
410 961 489 1026 illud
521 964 702 1047 promissum
734 964 773 1028 de
804 965 968 1028 certamine
1000 964 1201 1048 Dionysiaco;

122 1073 200 1154 quod
224 1079 329 1137 tamen
353 1075 499 1157 scriptum
522 1096 583 1138 non
608 1074 740 1159 amplius
764 1075 919 1152 exstabat3
942 1076 987 1138 ita
1010 1076 1089 1138 enim
1109 1075 1202 1138 nullis

120 1184 289 1248 rationibus
310 1184 351 1248 de
374 1207 429 1262 eo,
454 1193 558 1249 utrum
580 1186 786 1249 reconciliatio
808 1187 888 1250 facta
911 1196 988 1250 esset
1011 1209 1105 1249 necne
1121 1189 1148 1271 (t
1167 1190 1201 1265 1,

122 1295 167 1377 2),
192 1316 273 1379 opus
293 1295 410 1359 fnisset.
458 1295 658 1360 Marklandus
689 1297 859 1360 nonnullis·
877 1320 932 1383 pro
963 1304 1063 1362 ταῦτα
1086 1298 1203 1382 placere

120 1404 159 1467 ait
185 1405 333 1484 τοῦνομα,
362 1430 486 1485 ‚momen
516 1409 596 1471 inter
627 1409 838 1492 competitores
865 1409 1005 1473 referre.’'
1052 1408 1084 1472 Si
1112 1411 1202 1494 scrip

119 1524 181 1581 tum
210 1518 257 1582 ita
282 1528 429 1597 exstaret,
454 1542 611 1604 possemus
634 1521 666 1583 in
690 1521 747 1584 hac
770 1521 971 1605 explicatione
994 1521 1200 1605 acquiescere;

67 1714 72 1731 ἢ
120 1648 219 1694 verum
244 1652 316 1695 cum
339 1631 462 1696 aliunde
485 1654 547 1695 non
570 1641 678 1695 notum
702 1633 758 1710 sit,
783 1634 907 1697 nomina
929 1635 1035 1698 solitos
1056 1655 1120 1697 esse
1135 1656 1203 1718 pro-

120 1741 209 1821 fiteri,
243 1744 272 1806 si
303 1744 357 1827 qui
385 1743 500 1808 iudices
528 1766 560 1807 se
583 1745 648 1808 fieri
670 1752 833 1829 cuperent,
858 1767 964 1827 parum
988 1745 1063 1809 haec
1087 1747 1202 1809 coniec-

120 1859 183 1915 tura
215 1854 459 1918 commendatur.
505 1853 628 1919 Etenim
660 1876 736 1938 qnae
766 1854 803 1918 de
832 1853 1040 1938 designatione
1064 1856 1201 1920 iudicum

119 1964 149 2027 in
170 1964 329 2049 Dionysiis
353 1965 475 2029 aliunde
497 1973 572 2028 nota
594 1973 666 2028 sant
690 1965 762 2028 huic
786 1964 976 2028 coniecturae
1000 1988 1061 2030 non
1083 1966 1200 2044 lavent3

120 2076 257 2140 novimus
298 2078 377 2141 enim
412 2075 588 2140 candidatos
622 2075 716 2139 fuisse
748 2099 766 2139 o
793 2078 979 2140 senatoribus
1010 2075 1200 2162 designatos;

121 2208 220 2250 coram
252 2188 378 2251 nomina
400 2187 432 2250 in
456 2203 564 2251 urnam
587 2187 682 2250 luisse
706 2187 858 2265 coniecta,
883 2200 920 2250 ut
943 2187 975 2250 in
999 2188 1066 2271 ipso
1091 2188 1203 2271 Diony·

122 2296 229 2362 siarum
263 2298 426 2361 certamine
450 2297 563 2361 archon
587 2304 682 2361 sortes
706 2297 839 2361 duceret.
887 2296 1053 2361 Ct'Isocr.
1077 2298 1201 2382 Trapez.

124 2411 180 2494 tir)
202 2413 220 2496 p
245 2413 307 2473 33:
331 2411 488 2491 Πυθόδωρον
511 2411 570 2489 γαρ
592 2411 640 2474 τὸν
663 2409 795 2484 σκηνίτην
818 2410 994 2483 καλούμενον
1017 2449 1077 2488 -,
1096 2411 1140 2482 τίς
1152 2412 1202 2474 οὐκ

123 2516 186 2584 οἶδεν
217 2524 297 2597 ὑμῶν
329 2521 442 2602 πέρυσιν
472 2520 628 2597 ἀνοίξαντα
659 2521 714 2592 τας
743 2521 838 2599 ὑδρίας
860 2522 908 2586 καὶ
932 2523 997 2592 τοὺς
1020 2524 1118 2602 κοντας
1141 2520 1201 2598 ἒξε-

121 2633 205 2698 λόννα
240 2634 308 2705 τοὺς
347 2635 401 2697 ὑπὸ
440 2643 491 2709 τῆς
522 2634 632 2710 βουλῆς
662 2634 883 2712 captandumst
915 2633 1075 2699 Senatores
1106 2633 1201 2717 igitur

122 2743 252 2809 tabulam
283 2745 412 2809 alicuius
442 2746 564 2810 nomine
593 2752 731 2808 notatam
753 2745 786 2807 in
809 2767 917 2808 urnam
941 2745 1134 2809 coniicientes
1158 2744 1202 2806 di-

123 2864 227 2921 cuntur
258 2858 352 2938 κριτὴν
379 2856 562 2932 antidana,
597 2862 650 2919 aut
678 2857 719 2939 (et
740 2855 868 2932 melius,
893 2855 1012 2939 opinor)
1035 2856 1129 2936 κριτὴν
1152 2857 1202 2931 ἑμ-

121 2966 260 3052 deltano,
295 2977 331 3032 ut
362 2966 441 3032 infra
464 2969 566 3052 paucis
589 2974 660 3052 post
682 2966 798 3031 verbis:
824 2966 886 3031 ἐπεὶ
913 2974 1017 3050 σαφῶς
1040 2966 1143 3043 ἔγνωτ’
1165 2966 1201 3030 ἂν

122 3076 159 3142 ὅτι
182 3083 268 3157 ἡμεῖς
292 3077 363 3156 ἦμεν
386 3078 473 3143 αὐτὸν
495 3080 519 3143 οἱ
541 3081 636 3158 κριτὴν
660 3078 844 3156 ἐμβαλόντες
867 3077 917 3142 καὶ
941 3081 1020 3155 ἡμῶν
1042 3075 1114 3141 ἕνεκ’
1134 3080 1201 3142 ἕνα·

122 3187 208 3268 δέξατο
232 3192 354 3274 (nempe
376 3191 483 3273 κριτής)
506 3190 526 3253 i.
551 3212 575 3253 e.
601 3197 631 3253 et
654 3197 805 3275 quantum
829 3188 952 3273 quidem
968 3210 1022 3272 per
1036 3208 1084 3252 me
1100 3189 1202 3272 potuit

122 3299 209 3380 (τούπ’
233 3300 298 3384 ἐμέ)
322 3300 414 3364 iudex
436 3307 503 3362 tum
526 3308 599 3364 erat.
635 3301 772 3384 Apparet
795 3322 829 3364 cx
854 3300 901 3363 his
924 3321 1009 3363 reum
1025 3308 1092 3363 tom
1107 3300 1200 3365 fuisse

123 3418 303 3490 senatorem,
329 3410 412 3496 quod
434 3409 572 3473 nondum
596 3409 839 3473 animadversum
862 3410 961 3474 crede.

151 3522 255 3588 ¹Plura
277 3521 429 3586 interiisse
452 3542 542 3604 quam
567 3541 675 3584 causae
698 3520 917 3604 expositionem
941 3544 977 3585 ex
999 3523 1016 3606 p
1039 3524 1057 3582 2
1079 3520 1201 3585 demon-

125 3636 206 3698 strari
235 3656 323 3720 posse
356 3640 441 3719 puto.
488 3630 679 3695 Hamakerus
709 3631 751 3696 ibi
783 3631 887 3695 deleta⁴
908 3632 1130 3717 praepositione
1154 3633 1201 3697 aaa

125 3764 225 3810 novam
256 3745 356 3810 lucem
388 3743 533 3809 orationis
568 3751 745 3828 argumento
774 3742 900 3806 offudit:
931 3743 981 3807 καὶ
1004 3746 1056 3818 τὴν
1078 3745 1131 3819 μὲν
1153 3745 1201 3808 da·

126 3854 222 3920 τίδοονν
255 3857 317 3941 [δῖ]
349 3857 456 3930 ἐκείνων
485 3855 608 3936 Φανερός
636 3859 697 3920 ἐστι
732 3854 937 3931 πονησάμενος,
970 3856 1022 3926 τὴν
1055 3855 1080 3918 δ’
1103 3856 1200 3920 αἰτίαν

127 3961 372 4039 dilaniationes
397 3965 418 4032 ἃ
443 3967 569 4049 ἔλαβεν,
592 3970 641 4032 οὐκ
663 3965 699 4031 ἂν
722 3964 816 4041 ἄλλων
839 3964 901 4045 ἔχω
924 3968 1026 4047 εἰπεῖν,
1050 4003 1096 4012 -
1118 3965 1134 4040 ἢ
1157 3963 1199 4030 ἔτι

127 4074 147 4150 οἱ
174 4079 251 4157 φίλων
281 4079 344 4157 περὶ
375 4079 494 4142 πάντων
525 4081 604 4154 ἡμᾶς
633 4076 740 4142 τούτων
770 4074 966 4151 συνήλλαξαν.
1013 4073 1085 4138 Non
1118 4075 1198 4138 enim

124 4194 239 4272 propter
268 4193 404 4254 ancillam
433 4187 583 4252 bonorum
606 4189 739 4252 fecerant
762 4187 1034 4272 permutationem
1059 4193 1123 4250 erat
1140 4185 1201 4248 ‘illa
1281 4198 1284 4207 ’

129 4303 285 4365 communis
308 4302 486 4386 utriusque,
514 4310 549 4365 ut
572 4303 637 4366 eius
662 4300 800 4364 condicio
824 4322 877 4385 per
900 4300 1055 4364 antidosin
1075 4298 1199 4362 minime

129 4418 295 4478 mutaretur.
350 4412 409 4476 sed
438 4413 531 4477 simul
561 4436 629 4478 cum
662 4413 880 4497 compositione
912 4412 1078 4476 amicornm
1108 4411 1201 4476 inter·
