3002 5240
654 496 693 558 19

200 694 256 759 IX.
280 693 340 758 Pro
363 694 470 759 milite.

214 805 252 869 X.
277 804 315 870 In
338 804 575 870 Theomnestum
599 804 624 868 I.
697 804 755 869 Res
778 805 936 871 militares.

197 916 253 980 XI.
278 916 317 980 In
340 916 579 981 Theomnestum
602 915 646 980 H.

183 1027 258 1092 XII.
282 1026 321 1093 In
344 1027 586 1093 Eratosthenem.
672 1095 677 1106 ,
748 1095 753 1105 ,
829 1096 834 1106 ,
862 1095 867 1106 ,
969 1096 974 1107 ,

166 1139 247 1204 ΧΙΠ
282 1138 320 1203 In
342 1140 513 1224 ΔΝΜ
637 1093 774 1158 Historia
797 1102 924 1179 tngmte
947 1117 1089 1159 vuorum.

170 1249 254 1315 XIV.
279 1249 318 1315 In
341 1249 533 1335 Alcibicdem
557 1248 583 1313 I.

185 1362 255 1427 XV.
279 1361 320 1426 In
341 1359 535 1426 Alcibiadem
556 1358 601 1425 II
657 1358 716 1427 Res
737 1360 893 1447 militares.

170 1474 256 1539 XVI.
280 1474 341 1538 Pro
364 1471 547 1537 Mentitheo.

154 1584 255 1649 XVII.
281 1578 441 1649 Dolionis
464 1579 618 1647 Eretonis.
904 1647 910 1666 .
1034 1648 1040 1669 .
1195 1646 1201 1668 .

142 1696 259 1761 XVIII.
282 1695 332 1760 De
355 1693 443 1759 bonis
463 1691 602 1757 liuentis
621 1689 794 1759 liberorum.
846 1657 911 1724 ΠΨ
937 1646 1075 1724 immi
1098 1671 1216 1728 xpm

171 1806 259 1871 XIX.
286 1806 333 1871 De
356 1804 445 1869 bonis
469 1802 694 1888 Aristophanis.
889 1784 954 1825 ⁷⁰³⁹·

182 2025 219 2091 In
250 2026 378 2111 reliquls
410 2025 495 2089 nulls
528 2024 737 2110 dispositionis
772 2026 899 2110 vestigia
933 2025 1219 2112 deprehenduntur,

141 2138 196 2201 uisi
219 2136 305 2223 quod
327 2134 472 2201 XXVIII
488 2144 519 2199 et
534 2133 644 2201 XXIX
659 2158 779 2213 rursus,
805 2136 1059 2221 quemadmodum
1081 2137 1221 2202 XVII-

141 2248 218 2313 XIX
249 2248 290 2313 nd
319 2247 443 2325 δημόσια
464 2247 610 2327 χρήματα
635 2247 797 2329 pertinent.
832 2246 927 2311 Vides
949 2249 1061 2333 igitur,
1085 2249 1135 2315 hic
1157 2249 1221 2314 illic

142 2360 295 2445 quendem
324 2360 357 2422 in
387 2356 642 2442 subsequentibus
673 2357 861 2423 cretionibus
885 2359 963 2421 iuter
994 2381 1025 2422 se
1049 2381 1113 2423 esse
1135 2381 1222 2444 ergu-

143 2473 237 2537 menti
261 2469 511 2546 similitudinem,
536 2468 590 2535 sed
613 2490 690 2553 quoe
713 2476 806 2555 egent
829 2468 866 2533 de
889 2469 1000 2537 militie
1022 2478 1053 2534 et
1075 2471 1147 2534 fisco
1169 2471 1224 2535 du-

143 2585 216 2649 obus
247 2585 325 2649 locis
354 2605 421 2647 esse
452 2581 575 2668 positos.
623 2580 725 2647 Iustee
756 2579 964 2665 dispositionis
997 2604 1058 2649 uon
1090 2590 1135 2646 est
1164 2583 1225 2649 nisi

143 2697 241 2760 tenuis
265 2695 384 2761 umbre.

183 2805 296 2893 Neque
318 2805 528 2891 integerrimos
550 2827 588 2869 eu
610 2803 746 2889 Lysiecis
770 2804 914 2871 collector
936 2806 968 2870 iu
993 2804 1131 2871 ordinem
1146 2827 1225 2872 reee-

143 2916 194 2999 pit.
231 2915 395 2985 Omisisset
427 2917 598 2981 vicesimam
621 2916 767 3000 primam,
793 2939 870 3002 quse
893 2917 1053 2981 manifesto
1076 2894 1224 3002 fingmen-

59 3112 62 3121 γ
143 3034 207 3091 tum
230 3036 295 3107 est,
321 3038 352 3094 et
374 3029 547 3095 vicesimam
571 3028 748 3111 septimam,
773 3049 849 3111 quoe
873 3035 919 3091 est
942 3027 1088 3113 epilogus.
1322 3007 1325 3011 ‚

186 3140 299 3228 Neque
321 3141 416 3225 igitur
439 3139 570 3224 optimas
593 3146 731 3215 tentum,
755 3162 854 3224 neque
877 3139 1103 3224 integerrimas,
1128 3164 1226 3226 neque

146 3251 318 3336 septimenti
352 3248 553 3317 similitudine
592 3271 701 3313 nexem
740 3250 891 3333 quendem
923 3250 1051 3319 classem
1084 3252 1228 3319 collector

145 3365 268 3449 recepit.
304 3360 451 3429 Omnium
486 3382 636 3425 consensu
670 3383 707 3427 ne
743 3362 859 3445 spurius
892 3361 1015 3447 quidem
1045 3363 1225 3448 repudiavit.

18 3478 19 3483 ’
148 3471 244 3538 Nemo
277 3481 323 3536 est
350 3473 431 3537 euim
455 3471 625 3547 editorum,
650 3472 725 3555 quin
748 3494 841 3537 unam
864 3481 895 3537 et
917 3474 1042 3539 alteram
1065 3475 1228 3560 suppositi·

146 3585 223 3649 ciem
247 3584 373 3649 indicet.
409 3584 536 3669 Recepit
559 3583 726 3660 orationes,
748 3606 825 3668 quae
841 3607 895 3669 per
915 3608 962 3661 se,
980 3586 1042 3649 sive
1058 3586 1140 3669 quod
1156 3586 1229 3650 deu·

148 3695 311 3780 terologise
341 3696 421 3772 sint,
453 3695 517 3759 sive
550 3694 609 3759 elie
641 3693 679 3758 de
709 3716 800 3758 causa
825 3696 898 3778 (hoo
918 3696 1000 3759 enim
1021 3719 1103 3760 nunc
1125 3699 1226 3781 mitto)

97 3836 107 3847 ,
148 3829 254 3889 perum
277 3806 509 3890 intelleguntur.
545 3804 672 3889 Recepit
695 3805 826 3890 denique
850 3829 942 3890 quem
957 3807 1022 3891 ipse
1038 3808 1152 3872 sciebat
1165 3809 1228 3890 epi·

149 3925 250 3984 tomen
276 3941 356 3996 esse;
381 3940 452 3983 uam
475 3917 533 3980 hoc
549 3938 671 4002 quoque
687 3917 718 3981 iu
736 3918 872 3983 confesso
888 3925 952 3994 est3
976 3917 1228 3983 Theomnesteam

150 4029 274 4095 sltersm
297 4029 406 4115 prioris
430 4051 494 4094 esse
517 4028 700 4092 breviarium
723 4050 812 4093 nemo
835 4050 925 4093 senus
941 4029 1075 4112 negabit.
1099 4027 1229 4093 Nullum

149 4141 242 4224 igitur
266 4141 419 4209 delectum
443 4138 551 4205 hebuit
573 4139 665 4203 homo
687 4139 757 4217 ille3
775 4139 828 4203 sed
844 4139 1005 4206 coniunxit
1020 4162 1230 4224 quaecumque

150 4250 223 4316 forte
257 4254 423 4318 invenerat.
1029 4273 1031 4278 ’

191 4361 362 4431 Enstebent
383 4362 458 4426 olim
480 4359 590 4445 Lysiae
614 4362 765 4429 orationes
788 4385 850 4427 non
873 4364 975 4428 minus
999 4368 1082 4442 425,
1105 4388 1142 4433 ex
1165 4366 1230 4448 qui·
1255 4458 1257 4461 Ι

151 4471 204 4537 bus
233 4474 400 4559 Dionysius
432 4478 463 4535 et
493 4470 645 4539 Caecilius
676 4496 834 4558 germanas
865 4475 1043 4543 iudicabant
1071 4479 1145 4541 230.
1181 4475 1227 4541 cf.

1073 4590 1111 4647 2*
