2958 5238
835 448 895 508 142

367 645 413 711 Ib.
459 648 620 728 Νικήρνοτος
649 645 774 729 (Calliae
804 646 885 710 filius
916 646 974 711 sub
1006 666 1071 711 xxx
1104 647 1179 711 viris
1213 648 1379 729 interfectus)

320 757 342 821 δ’
365 755 408 822 ἔτ’
430 757 618 834 ἀπέθνησκεν,
642 759 771 840 οὶρνύονον
794 759 847 834 μὲν
873 758 890 834 ἢ
913 760 1029 838 χρνοίον
1051 758 1108 823 οὐδ’
1127 761 1215 832 οὗτος
1233 759 1287 842 ἔφη
1302 783 1380 822 κοντο-

318 871 428 935 λείπενν
450 869 544 947 οὐδέν,
567 871 651 934 aaa&
673 873 735 945 τὴν
758 871 878 934 οὑτίοον
900 865 932 945 ἣν
955 870 1097 935 saetam
1119 873 1159 951 τῷ
1178 872 1250 944 υἱεῖ,
1267 873 1295 935 οὐ
1313 871 1381 934 atri·
1436 908 1439 915 =

317 1004 375 1051 ονος
398 979 485 1056 atila
506 981 600 1045 ἐστὶν
624 981 641 1056 ἢ
663 980 808 1061 τεττάρων
830 981 878 1046 aa>
903 980 972 1045 δέκα
994 982 1157 1048 τοιλοὲντων.
1205 980 1382 1045 Constructio

299 1092 481 1163 admodum
505 1090 589 1155 dura.
636 1090 715 1155 Baro
737 1093 863 1156 omnino
886 1093 920 1155 in
943 1093 1122 1159 attractione
1144 1093 1263 1156 inversa
1281 1114 1384 1155 accusa·

315 1205 397 1268 tirus
428 1203 559 1267 nominis
591 1209 661 1267 ante
691 1203 851 1268 relativum
884 1225 937 1288 pro
967 1204 1154 1268 nominativo
1184 1203 1383 1280 substituitur,

315 1316 374 1379 nisi
396 1315 450 1380 ubi
473 1315 504 1378 in
528 1314 664 1399 longiore
688 1315 811 1399 periodo
834 1338 871 1380 ex
895 1317 1062 1379 sententiae
1086 1316 1321 1381 conformatione
1342 1316 1385 1379 ali-

316 1448 406 1510 quam
437 1426 528 1489 habet
559 1425 790 1510 explicationem
821 1449 859 1489 an
883 1427 1126 1504 excusationem
1151 1426 1246 1490 veluti
1269 1425 1384 1510 Lycurg.
1471 1450 1472 1511 }

316 1536 383 1601 adv,
407 1534 512 1600 Leocr.
535 1539 552 1622 p
575 1539 634 1599 42:
658 1539 707 1601 νονὶ
730 1539 778 1601 τὸν
801 1539 901 1618 δῆμον,
919 1536 948 1601 ὃν
964 1539 1094 1618 πρότερον
1110 1537 1328 1615 Λνκεδοονμόνιον
1343 1535 1384 1600 ecl
1471 1526 1472 1569 l

314 1651 531 1724 Πελοποννήσιον
560 1650 609 1713 aa}
637 1651 660 1713 οἱ
688 1652 739 1717 τὴν
766 1648 869 1714 'Aulai
903 1655 1101 1722 ,νοντονκοῦντες
1128 1647 1270 1724 ’Έλληνες
1299 1645 1385 1724 βοηθὸν

315 1762 525 1835 ἐπεκαλοῦντο,
557 1756 637 1830 οὗτος
667 1762 764 1823 ἐδεῖτο.
812 1758 893 1822 Nam
922 1760 966 1824 ibi
996 1783 1050 1844 per
1078 1757 1157 1831 οὗτος
1190 1760 1276 1845 quasi
1298 1758 1385 1821 denuo

314 1870 480 1934 resumitur
507 1870 603 1932 oratio
634 1876 669 1934 ut
699 1876 746 1933 est
771 1870 855 1954 apud
877 1870 1022 1935 Plautum
1045 1869 1133 1955 Capt.
1158 1871 1236 1955 prol.
1263 1876 1296 1934 1:
1318 1869 1387 1946 „hos

313 2003 413 2066 „quos
437 1981 544 2045 videtis
568 1992 648 2045 stare
671 1982 720 2046 hic
742 1983 877 2066 captivos
900 1982 994 2061 duos,
1020 1984 1113 2048 vincti
1136 1984 1209 2068 quia
1228 1989 1340 2058 astant,
1359 1982 1390 2043 tr·

314 2098 421 2170 „stant
440 2094 528 2158 ambo
551 2115 613 2157 non
636 2093 773 2157 sedent.”
806 2093 848 2158 Et
867 2095 992 2159 omuino
1007 2096 1130 2159 comicis
1145 2093 1264 2159 Latinis
1281 2115 1315 2158 ex
1328 2091 1388 2155 imi-

314 2205 430 2268 tatione
453 2205 609 2269 iamiliaris
632 2205 863 2270 consuetudinis
886 2229 996 2291 magna
1019 2215 1065 2270 est
1087 2207 1119 2270 in
1135 2206 1182 2269 his
1198 2205 1336 2280 libertas,
1352 2203 1386 2266 de

316 2338 377 2399 qno
400 2338 483 2380 nunc
506 2315 635 2379 sufficiet
657 2315 789 2399 relegare
813 2315 849 2379 ad
874 2316 1048 2394 Holtninm,
1072 2316 1158 2401 Synt.
1183 2318 1284 2402 script.
1302 2304 1385 2401 prisc.

315 2427 417 2491 Latin.
441 2450 540 2512 usqne
562 2426 600 2491 ad
620 2426 812 2504 Terentium,
834 2427 860 2491 I.
882 2450 911 2512 p.
930 2430 1004 2505 387,
1022 2450 1066 2511 sq.
1088 2428 1138 2492 nd
1152 2426 1385 2512 Lycurgum-ll.

314 2562 351 2604 ex
374 2538 531 2603 Herodoto
554 2536 652 2601 simile
675 2538 844 2623 exemplum
869 2538 955 2603 affert
972 2540 1087 2603 amicus
1108 2562 1164 2603 vau
1180 2539 1240 2604 den
1256 2539 1307 2603 Es.
1332 2537 1387 2603 Sed

313 2652 388 2715 haec
411 2674 429 2714 a
443 2649 552 2735 Lysiae
566 2650 633 2713 loco
650 2672 745 2734 aeque
760 2650 821 2713 fere
838 2649 981 2714 differunt
996 2673 1031 2715 ac
1046 2650 1125 2714 Plat.
1142 2650 1266 2715 Menon.
1282 2652 1333 2712 81.
1345 2648 1386 2711 E:

314 2758 346 2838 ἣν
368 2767 516 2834 κτενοῦμεν
538 2760 679 2838 pellaea,
702 2760 862 2836 οὶνοὶμνντίς
885 2762 970 2825 ἐστιν.
1002 2760 1049 2824 Ex
1072 2762 1109 2825 iis
1126 2761 1252 2844 quaein
1268 2781 1386 2845 gramm.
1470 2750 1471 2757 ἵ

313 2895 381 2937 mea
398 2875 414 2958 ᾧ
431 2876 470 2935 51
484 2874 522 2935 A.
536 2874 577 2933 48
596 2872 688 2935 allata
703 2879 775 2936 sunt
790 2873 924 2957 proxime
941 2873 1057 2938 accedit
1071 2873 1164 2941 Isocr.
1179 2874 1208 2936 6.
1222 2876 1283 2936 48:
1299 2873 1331 2936 οὐ
1342 2873 1388 2943 τὴν
1469 2914 1470 2921 1

313 2987 366 3062 μὲν
389 2984 539 3061 ἐμπειρίαν
561 2987 676 3058 μᾶλλον
699 2988 755 3047 τῶν
777 2981 875 3048 ἄλλων
898 2984 1020 3066 ἔχομεν,
1045 2986 1192 3049 πολιτείννν
1212 2980 1308 3047 totta
1323 2979 1386 3046 εἶνον

313 3096 371 3176 χρὴ
384 3095 465 3174 repa
477 3094 569 3170 μονοις
586 3096 654 3170 ἡμῖν
670 3095 740 3158 ἐστι.
765 3091 811 3157 Ex
826 3092 976 3178 Sophocle
992 3101 1121 3179 possunt
1132 3093 1204 3158 addi
1220 3093 1294 3158 On.
1313 3095 1390 3175 449„

313 3206 421 3269 Trach,
450 3207 525 3269 283.
564 3204 680 3268 Verum
709 3205 742 3269 in
775 3212 861 3269 tanta
891 3205 1071 3271 emendandi
1094 3205 1238 3269 facilitate
1261 3204 1309 3268 his
1332 3225 1388 3268 nou
1468 3208 1469 3287 J

313 3316 449 3380 adducor
464 3323 500 3379 ut
516 3315 624 3401 Lysiae
639 3316 740 3380 locum
758 3316 910 3400 integrum
927 3318 1112 3394 existimem
1131 3339 1167 3380 ex
1179 3321 1387 3384 ΑΞΙΑΕΟΤῙΝ

313 3428 505 3513 transpositis
528 3427 637 3491 litteris
661 3436 876 3494 ΑΞΙΑΝΙΟΤΕ
898 3428 918 3491 i.
944 3449 969 3491 e.
986 3425 1072 3499 νὶὲίονν
1087 3426 1150 3492 ἴστε
1170 3425 1285 3489 conieci
1305 3425 1388 3509 scrip·
1466 3446 1468 3521 p

312 3546 379 3602 tum
407 3539 516 3617 fuisse,
541 3538 624 3623 qnod
646 3538 771 3601 Reiskio
795 3559 916 3622 quoque
939 3539 971 3601 in
994 3545 1128 3602 mentem
1150 3537 1265 3601 venisse
1288 3544 1389 3621 postea

311 3649 521 3714 animadverti.
568 3649 637 3712 Hoc
668 3671 722 3712 cur
752 3671 856 3712 verum
884 3656 1005 3733 putem,
1030 3647 1147 3713 accedit
1169 3647 1253 3733 quod
1275 3647 1307 3710 in
1332 3644 1388 3709 vnl-

311 3768 382 3846 gata
404 3761 534 3825 lectione
558 3760 632 3844 quid
656 3760 714 3824 sibi
736 3759 830 3823 velint
851 3759 908 3823 οὐδ’
932 3760 1019 3831 οὗτός
1041 3781 1103 3824 non
1119 3759 1314 3844 perspicuum
1331 3763 1372 3821 est
1378 3779 1386 3831 3

310 3894 393 3936 nnnc
416 3873 496 3935 enim
520 3871 677 3936 affirmatio
700 3870 836 3935 Nicerati
859 3871 1024 3957 opponitur
1046 3871 1089 3948 ei,
1114 3870 1197 3955 qnod
1213 3869 1305 3954 vulgo
1324 3889 1387 3931 con·

311 3982 412 4048 stabat
445 3981 483 4046 de
514 3984 579 4047 eins
610 3982 708 4047 bonis.
755 3981 815 4045 llla
841 3983 1032 4067 oppositione
1059 3982 1091 4045 in
1119 3981 1241 4064 uulgata
1267 3981 1384 4052 omissa,

311 4092 449 4158 Nicerati
470 4093 679 4158 testimonium
702 4094 803 4178 potius
827 4100 857 4156 et
876 4093 997 4177 gravius
1012 4092 1125 4156 dicitur
1140 4113 1232 4177 quam
1246 4089 1385 4164 aliorum,
1465 4090 1466 4097 '

312 4227 407 4290 quum
433 4212 534 4269 tamen
560 4206 626 4269 cius
650 4206 809 4269 interesset
831 4227 894 4268 rem
917 4227 1003 4269 suam
1026 4202 1203 4267 familiarem
1226 4223 1321 4284 quam
1341 4198 1387 4263 mi·

310 4317 423 4380 nimam
454 4316 567 4395 dicere3
595 4315 729 4380 instabat
752 4322 833 4379 enim
857 4314 1023 4400 publicatio
1048 4314 1204 4378 bonorum.
1251 4310 1385 4395 Denique

310 4450 451 4514 praesens
475 4428 538 4493 ἐστί
559 4442 668 4511 parum
691 4432 805 4509 aptum.

1464 4436 1465 4451 l

1464 4454 1465 4465 r

1462 4690 1464 4709 l

1441 4992 1463 5214 l
