2958 5238
811 474 851 534 80

288 674 403 738 tionem
426 673 608 739 rhetoricam
631 672 715 737 dicta
736 672 881 737 facillime
905 680 1099 738 excusantur.
1136 671 1262 738 Nullam
1282 675 1365 761 plane

289 785 498 850 difficultatem
527 783 640 848 habent
670 783 761 860 haec,
793 785 810 869 p
841 786 900 847 35:
931 786 955 849 si
985 787 1045 866 γὰρ
1068 784 1101 859 δὴ
1123 786 1204 850 οὗτοὶ
1228 787 1252 849 οἱ
1274 793 1364 859 κακῶς

172 972 175 978 ,
288 898 457 969 πεπονθότες
480 895 625 974 λαβόντες
648 897 804 979 ἀφήσουσι.
850 893 924 959 Non
948 896 1029 960 enim
1051 896 1124 961 haec
1146 897 1319 982 postulant,
1334 907 1366 960 nt

287 1010 415 1094 triginta
447 1007 494 1071 illi
525 1007 637 1093 captivi
660 1007 821 1071 videantur
844 1005 982 1070 Athenas
1004 1006 1129 1072 abducti
1152 1031 1226 1073 esse.
1269 1008 1367 1072 Erato

286 1119 408 1184 sthenes
440 1127 471 1184 et
493 1118 593 1183 Phido
616 1126 779 1203 antequam
803 1117 885 1184 abire
907 1118 1081 1203 potuissent
1103 1118 1245 1204 prehensi
1268 1127 1366 1196 erant,

287 1240 340 1298 aut
367 1239 469 1297 mente
492 1231 642 1296 occaecati
664 1232 713 1313 (ut
736 1229 909 1295 Andocides
933 1232 962 1293 6.
989 1231 1042 1314 27)
1066 1252 1130 1294 sese
1151 1230 1284 1294 inimicis
1307 1231 1366 1294 suis

286 1345 507 1408 commiserant.
553 1341 747 1406 Praeiudicio
774 1340 907 1426 quodam
931 1341 1022 1405 etiam
1047 1340 1084 1406 de
1107 1341 1235 1425 reliquis
1260 1349 1367 1406 statne

285 1456 390 1533 batur,
422 1455 448 1518 si
479 1453 696 1519 Eratosthenes
727 1454 999 1532 condemnaretnr;
1032 1476 1067 1519 eo
1098 1462 1204 1519 contra
1230 1453 1366 1518 absoluto

285 1567 418 1651 reliquos
449 1588 573 1651 quoque
595 1565 729 1631 reditum
752 1566 784 1630 in
808 1565 915 1630 urbem
938 1573 1109 1630 tentaturos
1132 1573 1365 1630 consentaneum

286 1687 359 1743 erat.
407 1677 489 1742 Hinc
514 1678 610 1762 igitur
636 1676 867 1763 explicandum,
891 1676 975 1762 quod
998 1678 1036 1741 de
1059 1679 1267 1756 accusatione,
1293 1698 1365 1763 quae

285 1792 405 1877 proprie
441 1790 478 1854 ad
517 1812 614 1855 unum
650 1790 884 1855 Eratosthenem
915 1766 1104 1875 pertinebat,
1138 1789 1228 1854 verba
1258 1789 1366 1853 faciens

284 1903 455 1987 promiscue
478 1902 608 1967 subinde
631 1902 781 1988 singulari
801 1911 832 1968 et
847 1903 960 1988 plurali
975 1925 1103 1968 numero
1118 1903 1220 1967 utitur
1237 1900 1366 1985 (Hecker

285 2037 315 2100 p.
347 2015 387 2099 6).
434 2013 484 2077 Sic
511 2015 528 2099 t
552 2016 585 2092 l,
618 2014 673 2078 ubi
700 2037 755 2099 pro
784 2017 882 2086 οούτοΐς
910 2013 1072 2099 legendum
1103 2013 1223 2078 videtur
1245 2014 1365 2086 τούτοις,

283 2127 301 2210 b
331 2128 368 2204 2,
401 2128 461 2203 22,
494 2126 553 2202 36,
586 2125 640 2189 ubi
671 2125 773 2209 agitur
803 2124 840 2189 de
868 2147 921 2203 eo,
946 2123 1029 2209 qnod
1052 2125 1084 2188 in
1109 2124 1165 2188 hac
1188 2131 1219 2188 et
1241 2124 1365 2209 reliquis
1413 2122 1416 2132 “

285 2235 402 2313 causis,
434 2259 509 2321 quas
541 2258 611 2300 mox
642 2235 762 2300 futuras
785 2236 941 2321 praevidet
964 2243 1082 2313 orator,
1107 2237 1311 2300 constitutum
1332 2233 1367 2297 iri

284 2350 447 2433 exspectat.
477 2346 536 2411 Sed
551 2348 568 2432 t
582 2349 623 2409 62
641 2348 735 2427 ἐκείνῳ
749 2346 928 2432 legendnm,
945 2368 1007 2410 non
1023 2345 1144 2418 ἐκείνοις.
1173 2346 1314 2411 Sectione
1326 2348 1364 2408 91

281 2459 388 2525 τούτων
421 2459 704 2540 ἀποψηφισαμένους
739 2466 862 2544 propter
897 2460 1098 2545 oppositionis
1132 2438 1365 2523 concinnitatem

282 2570 371 2654 (ὑμῶν
391 2571 496 2655 αὐτῶν)
509 2592 570 2635 non
584 2570 812 2635 sollicitandum
817 2599 826 2649 ;
850 2570 902 2635 sed
912 2570 1053 2635 absoluto
1062 2569 1264 2661 Eratosthene
1276 2593 1363 2656 quem

283 2682 419 2745 animum
442 2681 479 2744 de
502 2682 627 2766 triginta
651 2683 721 2746 viris
745 2683 868 2748 omnino
891 2682 1054 2760 haherent,
1079 2682 1263 2748 declaratnri
1281 2688 1363 2747 erant

282 2791 484 2857 Athenienses
492 2819 501 2871 ;
517 2795 621 2877 itaque
636 2793 692 2857 hos
709 2795 800 2858 simul
816 2796 904 2880 qnasi
918 2795 1090 2859 absoluturi
1105 2802 1200 2859 erant.
1231 2793 1362 2859 Omnino

281 2904 313 2967 in
337 2902 547 2969 Eratosthenis
570 2905 684 2970 indicio
708 2913 814 2971 contra
836 2915 932 2972 totam
954 2907 1117 2971 factionem
1131 2906 1281 2970 iudicium
1297 2928 1363 2969 con·

282 3014 370 3079 stitui
392 3016 501 3079 statuit
508 3042 518 3093 ;
542 3016 580 3080 cf.
605 2996 695 3080 etiam
718 3019 734 3102 p
757 3020 809 3081 35.

326 3125 433 3212 Neque
455 3128 647 3213 impunitatis
670 3128 720 3192 lex
741 3125 822 3212 (ibaar
848 3130 897 3194 acl
921 3132 1068 3215 σννθῆκοον)
1091 3129 1147 3193 hac
1171 3129 1361 3194 accusatione

280 3237 412 3303 violatur
442 3239 575 3323 (Hecker
597 3263 626 3326 p.
653 3241 701 3323 5);
730 3263 801 3304 nam
828 3241 952 3305 omnino
975 3240 1069 3306 dubia
1092 3248 1156 3305 erat
1179 3263 1270 3306 causa
1292 3240 1361 3303 Era·

280 3349 448 3428 tosthenis‚
479 3357 597 3415 essetne
627 3358 751 3436 propter
782 3352 1028 3416 communionem
1050 3374 1119 3416 cum
1142 3352 1270 3437 triginta
1291 3351 1360 3415 viris

281 3460 471 3546 puniendus,
503 3484 540 3525 an
570 3459 653 3545 qnod
681 3460 877 3526 decaduchus
900 3470 931 3531 et
953 3462 1104 3527 leniornm
1129 3484 1245 3548 semper
1267 3460 1360 3526 consi·

279 3571 390 3636 liorum
424 3572 532 3636 fuisset
566 3573 653 3636 venia
687 3572 858 3639 donandus.
904 3573 946 3638 Et
979 3576 1120 3638 novimus
1154 3592 1247 3659 quam
1275 3592 1359 3656 saepe

278 3684 443 3761 οὶμννστίονς
477 3684 526 3748 lex
555 3683 684 3769 migrata
714 3685 807 3749 fuerit
836 3685 884 3750 vel
913 3708 950 3751 ex
980 3685 1093 3751 diserto
1123 3685 1298 3749 testimonio
1315 3682 1357 3744 in

279 3800 353 3857 orat.
387 3797 443 3880 25,
472 3794 520 3858 vel
546 3816 581 3859 ex
606 3796 773 3880 Agoratea,
797 3797 828 3859 in
854 3819 914 3881 qua
937 3818 1028 3861 causa
1050 3796 1123 3861 satis
1148 3796 1220 3860 huic
1243 3795 1290 3860 ah'
1304 3795 1357 3857 hac
1468 3806 1469 3811 ’

278 3904 402 3989 quidem
424 3913 510 3990 parte
533 3906 640 3970 similis
662 3915 819 3971 tractatur.
865 3907 936 3994 Ipse
958 3908 1011 3973 ille
1030 3907 1174 3973 Isocratis
1189 3908 1276 3972 loeus
1288 3906 1354 3971 adv.

278 4014 355 4080 Call.
382 4020 416 4097 l,
440 4019 495 4083 ubi
519 4018 647 4083 Archini
669 4018 719 4083 lex
733 4018 771 4083 de
787 4019 940 4085 oblivione
956 4020 1143 4085 observanda
1159 4025 1354 4093 memoratm‚

277 4128 411 4193 ostendit
433 4129 516 4194 brevi
539 4129 741 4194 Athenienses
764 4131 963 4196 iurisiurandi
981 4134 1157 4197 memoriam
1173 4130 1353 4216 deposuisse.

321 4238 464 4325 Singula,
496 4262 574 4326 qnae
603 4242 641 4305 A.
673 4241 795 4307 Hecker
820 4242 976 4328 ingeniose
999 4243 1141 4327 quidem,
1165 4250 1202 4307 nt
1224 4242 1352 4315 solebat,
1471 4232 1472 4311 J

276 4350 329 4414 sed
353 4358 459 4436 argute
482 4352 627 4437 protulit,
652 4376 715 4417 non
737 4354 822 4418 iuvat
844 4376 926 4418 nnnc
943 4354 1115 4440 explorare,
1133 4372 1228 4439 quum
1244 4353 1368 4428 multa,

276 4460 388 4544 quibus
410 4462 462 4526 ille
485 4462 617 4526 offensus
641 4471 703 4547 est,
728 4486 809 4531 nnnc
833 4479 915 4529 certa
930 4463 1140 4531 emendatione
1157 4476 1261 4533 sanata
1276 4467 1335 4529 sint
1342 4486 1351 4539 3
