2958 5238
789 448 830 508 86

263 673 327 724 μεν.
373 644 483 730 Πρρῖος,Ι
511 670 628 733 prorsus
661 651 838 712 ademtam
862 648 944 730 (cum
967 650 1147 725 συγγνώμων
1170 649 1356 713 iunctuma

264 760 333 824 Xon
365 759 425 824 ΟΡ.
457 758 513 823 VI.
548 762 576 823 l.
617 762 676 837 37,
708 758 825 823 iudices
856 766 957 842 πρᾷοι,
980 761 1098 845 faciles
1129 766 1161 824 ιἰι
1191 763 1356 825 iudicando

264 873 394 956 saepius)
426 873 559 958 apprime
583 894 653 936 cum
677 871 876 955 sequentibus
900 872 1061 948 convenit,
1085 878 1116 935 et
1138 871 1225 936 facile
1249 872 1357 955 potnit

147 1074 148 1079 η
178 1023 181 1027 -
264 989 333 1046 ante
356 982 424 1061 τρός
448 983 558 1047 omitti.
594 982 697 1047 Verba
718 985 754 1055 ὡς
777 985 860 1065 ἀμφ.
885 982 940 1058 ab„
964 990 999 1046 ut
1021 983 1054 1046 in
1077 983 1210 1047 transitu
1228 982 1357 1047 brevius

264 1093 363 1168 dicta,
380 1101 560 1178 praeparant
576 1093 749 1177 sequentia:
768 1092 1024 1178 quemadmodum
1040 1093 1132 1158 etiam
1147 1093 1255 1172 rebus,
1275 1116 1358 1179 quae

264 1212 385 1270 secutae
409 1213 500 1282 sunt,
525 1205 809 1279 demonstravimus.

309 1318 325 1400 p
349 1319 400 1378 54.
447 1315 597 1394 ἡγούμενοι
621 1315 766 1387 decutere
788 1315 832 1380 dcv
855 1315 910 1380 ὑπὸ
933 1322 988 1379 τῶν
1011 1318 1107 1380 αὐτῶν
1130 1316 1196 1387 τούς
1219 1340 1254 1379 τε
1275 1313 1357 1396 τρισὶ-

265 1449 352 1490 κοιτοι
382 1428 525 1503 μισεῖσθαι
556 1427 605 1491 κοιὶ
632 1426 697 1498 τοὺς
720 1427 748 1491 ἐι
771 1434 901 1506 Πειροοιεΐ
921 1426 1081 1508 (praeludat.
1128 1426 1294 1491 Iustumne
1318 1448 1357 1488 an

265 1537 415 1602 iniustum
446 1551 542 1615 esset,
575 1539 618 1602 sio
650 1561 700 1603 eos
732 1539 845 1616 facere,
879 1538 956 1602 nihil
987 1538 1038 1602 hic
1062 1539 1211 1603 attinebat
1234 1538 1357 1614 dicere3

153 1713 156 1722 ,
266 1633 318 1714 sed
342 1651 438 1734 magis
461 1651 599 1714 minusve
623 1649 780 1735 probabile
804 1673 877 1714 esse.
915 1648 996 1714 Vide
1018 1671 1095 1713 num
1117 1649 1230 1723 δικοιίιος
1243 1649 1359 1714 desint

266 1761 354 1826 scioli
377 1760 630 1825 additamentum.

311 1874 327 1956 p
351 1873 402 1935 63.
449 1871 541 1936 κοιίτοι
564 1870 665 1954 σφόδρ’
687 1871 724 1936 du
747 1869 834 1936 αὐτὸν
857 1860 936 1948 οἶμοι
959 1871 1041 1947 μετὰ
1061 1872 1294 1946 Θεμιστοκλέους
1307 1893 1358 1934 το-

266 1981 446 2061 socratesne
461 1983 667 2061 ratractetur
682 1982 837 2066 τροὶττοιν,
853 1978 929 2052 ὅπως
943 1981 1190 2059 οἰκοδομηθήσεται
1201 1984 1244 2047 τὰ
1254 1983 1358 2062 τείχη,

268 2095 354 2160 ὁπότε
383 2096 433 2159 aul
460 2095 541 2170 μετοὶ
572 2094 753 2175 Θηραμένους
784 2091 860 2165 ὅπως
891 2094 1143 2173 κοθοιρεθήσετοιι.
1171 2095 1202 2157 οὐ
1225 2093 1287 2174 γάρ
1311 2114 1359 2166 μοι
1442 2157 1443 2161 ,

269 2207 393 2272 δοκοῦσιν
423 2205 483 2270 ἴσον
510 2203 582 2281 ἄξιοι
606 2206 790 2283 γεγενῆσθαι.
834 2203 994 2268 Transitus
1018 2203 1123 2267 durus.
1170 2200 1240 2267 Hoc
1263 2203 1358 2267 dicit:

269 2318 345 2398 „illa
368 2318 522 2382 excusatio
546 2316 636 2381 nihili
659 2323 723 2395 est3
748 2317 822 2402 quid
845 2318 927 2381 enim
950 2314 1094 2381 conducit
1118 2315 1157 2380 ad
1180 2315 1270 2381 illum
1292 2335 1359 2400 pre

269 2451 375 2493 vocare
404 2430 457 2513 qui
487 2429 603 2513 patriae
634 2451 736 2492 muros
767 2427 885 2492 diruit?
918 2450 1008 2513 qnam
1031 2428 1164 2493 libenter
1185 2428 1284 2512 igitur
1308 2424 1359 2489 hic

268 2540 338 2604 talis
362 2540 408 2603 vir
430 2538 659 2617 Themistoclis,
684 2540 738 2622 qui
760 2539 896 2602 restituit
919 2539 1056 2616 moenia,
1081 2561 1113 2603 se
1136 2538 1359 2622 sociumfinge

269 2651 347 2715 ret.'’
393 2649 514 2714 Scilicet
542 2650 648 2735 quavis
671 2651 788 2714 ratione
812 2650 1073 2735 opportunitatem
1097 2657 1222 2735 captans
1245 2649 1359 2713 Thera·

270 2763 367 2826 menis
390 2761 560 2826 insectandi
583 2746 662 2829 hanc
685 2761 775 2846 longe
797 2762 958 2846 repetitam
974 2783 1043 2825 cum
1059 2761 1263 2826 Themistocle
1279 2781 1358 2824 com·

233 2952 237 2963 Ι
272 2875 460 2960 parationem
498 2874 646 2937 instituit.
699 2873 756 2936 use
793 2874 825 2936 in
859 2872 907 2937 his
937 2873 1035 2937 ironia
1066 2873 1231 2958 qdaedam,
1264 2893 1356 2959 quam

272 2983 382 3049 deinde
406 2984 549 3069 deponit,
574 2990 610 3048 ut
633 2964 711 3048 serio
735 2984 880 3069 castiget,
907 2983 988 3069 quod
1011 2983 1121 3048 melius
1144 2985 1310 3062 sentietur,
1333 2981 1357 3044 si

271 3116 325 3180 pro
356 3096 387 3158 οὐ
416 3095 476 3174 γάρ
506 3095 655 3160 scribatur
683 3094 755 3159 ἀλλ’
785 3097 815 3160 οὐ
838 3095 914 3178 γάρ,
939 3095 1028 3180 quasi
1050 3094 1181 3160 diceret:
1206 3095 1259 3160 sed
1283 3092 1356 3178 quid

273 3230 329 3294 ego
360 3207 578 3273 Theramenem
610 3213 641 3271 et
671 3207 905 3272 Themistoclem
937 3207 1108 3291 compono?
1139 3209 1356 3293 potiusquam

272 3319 467 3384 diversissimi
491 3327 572 3382 sunt.
756 3327 759 3333 ’

226 3418 229 3423 ⁴
316 3432 410 3519 Wr
454 3429 538 3494 ettad
567 3431 632 3515 τοὺς
664 3429 812 3510 μάρτυρος
843 3428 922 3505 ἄξιοι
951 3429 1035 3505 ἰδεῖν,
1066 3425 1091 3494 οἳ
1112 3431 1222 3503 τούτοις
1246 3451 1356 3508 μοιρτυ·

271 3547 382 3620 ροῦιτες
414 3543 507 3606 atres
530 3545 743 3621 κοιτηηοροῦσιι.
789 3542 849 3611 Pro
872 3539 901 3607 οἵ
918 3541 1083 3627 legendum
1104 3539 1165 3620 dre,
1189 3543 1250 3607 nisi
1275 3560 1354 3627 grae

273 3675 342 3717 cum
380 3660 507 3737 putatur
544 3653 611 3717 ἰδεῖν
641 3676 705 3718 τιιοι
742 3649 772 3723 ὃς
806 3659 965 3738 reputare,
1001 3653 1134 3736 cogitare
1168 3652 1283 3736 aliquid
1318 3647 1353 3711 de

273 3764 384 3848 aliquo.
431 3757 574 3847 Denique
603 3765 620 3848 b
648 3765 689 3826 90
718 3763 795 3834 δῆλοι
826 3762 922 3827 ἔσεσθε
949 3765 986 3833 ὡς
1009 3760 1196 3845 ὀργιζόμενοι,
1219 3762 1354 3826 omitten-

274 3876 347 3939 dum
380 3875 500 3940 ridetur
528 3878 583 3952 ὡι;
616 3875 707 3939 huius
737 3875 817 3938 euim
848 3874 1083 3938 constructionis
1112 3896 1208 3938 unum
1237 3880 1353 3937 tantum

274 3985 354 4070 apud
382 3987 478 4051 bonos
502 3988 662 4072 scriptores
689 3986 809 4050 Atticos
832 3987 991 4051 inventum
1014 3993 1060 4050 est
1083 3984 1254 4070 exemplum
1276 3981 1350 4047 Xen.

275 4100 334 4162 An.
366 4098 392 4162 Ι.
426 4101 455 4162 5.
487 4103 517 4163 9.
565 4098 669 4163 Meros
693 4098 887 4184 pleonasmus
911 4105 957 4162 est
979 4100 1034 4174 ὡς;
1059 4081 1154 4161 codex
1176 4103 1276 4160 autem
1299 4090 1352 4175 Ly-

275 4210 337 4273 siae
361 4209 531 4294 corruptior
554 4231 645 4294 quam
669 4216 705 4273 ut
728 4208 789 4273 tale
813 4208 888 4292 quid
911 4208 1069 4272 ferendum
1093 4208 1268 4274 videatne·
