2958 5238
822 449 863 508 96

299 647 368 711 lect.
401 647 459 710 vol.
484 646 540 710 VI.
565 670 594 730 p.
621 649 702 724 690,
727 668 771 730 sq.
782 673 791 723 3
815 646 893 710 nihil
917 647 997 710 enim
1020 647 1169 711 attinebat
1193 647 1374 731 pubhcarum

300 758 474 821 tabularum
497 757 587 821 fidem
611 756 800 834 subvertere,
826 756 852 820 si
875 756 954 821 nihil
976 757 1047 821 illae
1070 758 1277 836 continerent,
1297 758 1374 842 qnod

300 870 427 953 Agorati
459 891 566 933 causae
594 870 724 946 faveret,
754 870 882 933 oratoris
906 870 1057 933 sententia
1079 870 1154 934 haec
1178 878 1273 934 esset:
1295 891 1379 954 „per-

299 981 471 1066 „scriptum
494 990 540 1045 est
563 982 595 1045 in
619 981 761 1046 columna
784 981 1010 1066 Thrasybulum
1029 992 1059 1047 et
1075 981 1297 1066 Apollodorum
1311 981 1378 1045 civi-

299 1099 384 1170 „tate
415 1115 479 1156 esse
510 1093 655 1170 donatos;
685 1115 869 1180 quamquam
892 1093 966 1179 quid
990 1093 1169 1158 confidimns
1192 1092 1303 1157 tabulis
1325 1113 1377 1176 pu·

300 1203 410 1280 „blicis
418 1202 452 1266 ?''
475 1202 568 1283 Quod
580 1226 672 1288 quam
684 1205 724 1268 sit
740 1204 874 1268 alienum
890 1204 927 1268 ab
943 1206 1072 1282 oratoris
1083 1204 1241 1290 proposito
1253 1204 1375 1287 quisque

299 1314 391 1378 videt.
438 1313 544 1393 Quum
566 1314 767 1379 nihilominus
791 1315 828 1379 de
851 1314 992 1400 pluribus
1016 1338 1112 1380 sermo
1136 1316 1176 1379 sit
1199 1338 1260 1379 non
1280 1314 1376 1399 potuit

299 1449 379 1491 unus
403 1429 555 1511 Agoratus
579 1428 743 1511 significari
766 1426 819 1490 sed
841 1435 911 1511 post
933 1428 1121 1505 πεποιημένον
1139 1449 1251 1491 nomen
1266 1426 1312 1490 vel
1325 1447 1376 1489 no

300 1539 384 1601 mina
406 1537 466 1601 alia
488 1544 644 1622 praeterea
666 1540 778 1602 omissa
800 1545 882 1602 sunt.
929 1537 1031 1601 Etiam
1055 1560 1091 1601 ex
1107 1537 1263 1600 marmoris
1279 1535 1376 1600 cnius-

300 1648 370 1711 dam
400 1648 554 1732 reliquiis,
587 1672 661 1735 quas
693 1648 845 1733 Bergkins
869 1650 984 1734 primus
1008 1650 1039 1712 in
1063 1648 1208 1712 Zeitschr.
1233 1647 1377 1712 1111-

217 1760 220 1767 ’
297 1759 415 1823 terthw.
466 1763 570 1838 1847,
612 1784 641 1845 p.
684 1762 767 1822 1099
812 1759 889 1822 vidit
919 1768 1019 1844 partes
1051 1759 1142 1823 huius
1170 1759 1379 1844 psephismatis

296 1871 450 1934 continere
474 1870 523 1953 (cf.
548 1870 728 1948 Kirchhoff,
752 1870 865 1934 Philol.
891 1871 950 1934 vol.
976 1870 1068 1934 XIII.
1096 1873 1180 1934 1858
1194 1893 1224 1956 p.
1242 1874 1290 1948 14,
1302 1872 1378 1954 sqq.)

297 1982 451 2065 Agoratus
475 2003 545 2044 cum
568 1982 636 2044 aliis
659 1982 820 2046 memorari
843 1981 981 2060 videtum
1010 1983 1090 2046 linea
1113 1984 1194 2047 enim
1219 1986 1258 2049 27
1283 1984 1377 2052 αὐτοῖς

295 2092 441 2177 legimus,
474 2100 637 2177 postquam
667 2093 687 2155 l.
720 2095 760 2155 23
797 2095 924 2171 οὐρορατο
956 2102 986 2157 et
1021 2096 1062 2156 25
1097 2095 1275 2178 εὐεραὲ(τας)
1298 2117 1379 2179 prae·

208 2226 209 2229 ¹
296 2204 394 2268 cessit.
448 2204 549 2288 Igitur
579 2213 649 2289 post
679 2229 751 2269 τετ.
785 2204 932 2268 excidisse
956 2204 1077 2268 videtur
1099 2207 1170 2271 τύιι.
1186 2255 1215 2271 ..
1239 2206 1378 2289 (hominis

295 2336 406 2378 nomen
429 2315 569 2399 ignotum
593 2318 650 2399 est)
673 2313 856 2395 γεγράφθαι.
902 2313 981 2378 Tum
1005 2314 1152 2399 quaedam
1177 2316 1378 2400 sequebantur

295 2427 328 2490 in
358 2426 436 2490 hanc
465 2426 661 2491 sententiam:
693 2432 808 2510 „atque
832 2425 906 2489 haec
928 2425 975 2488 illi
998 2433 1193 2489 tentaverunt
1216 2449 1304 2505 sane3
1328 2425 1378 2489 sed

295 2538 439 2603 frustra=”
467 2538 537 2618 Quo
561 2538 729 2623 praemisso
753 2537 830 2602 bene
854 2537 1053 2622 sequebatur:
1078 2539 1119 2602 rol
1137 2535 1233 2613 μέντοι
1253 2539 1379 2615 ὀνόματα

295 2650 519 2728 διατρούττοιιται
546 2687 590 2698 -
622 2655 844 2731 προςρραφῆναι
875 2650 913 2721 εἷς
945 2653 996 2724 τὴν
1027 2651 1136 2724 στήλην
1165 2653 1201 2722 ὥς
1232 2651 1378 2731 εὐεργέται

294 2759 372 2832 ὄντες
392 2761 446 2844 (ita
469 2761 550 2825 enim
573 2782 628 2845 pro
652 2760 808 2841 εὐεργέτας
833 2758 918 2831 ὐιτας
940 2760 1012 2843 leg.)
1053 2761 1104 2840 Τῷ
1127 2761 1216 2841 ῥήτορι
1239 2783 1302 2825 non
1325 2759 1379 2823 sol·

293 2871 472 2936 licitaverim
480 2899 490 2950 5
508 2871 706 2956 significatur
723 2871 803 2935 enim
818 2871 844 2933 is
861 2871 915 2955 qni
930 2870 968 2933 ad
984 2870 1131 2956 populum
1147 2872 1278 2950 tulerat,
1296 2872 1376 2946 cuius

295 3004 405 3045 nomen
436 2981 556 3046 decreto
580 2982 805 3066 praescriptum
830 2987 908 3059 erat3
932 2983 958 3044 is
981 2981 1086 3046 frande
1108 2981 1376 3070 nominaAgorati

296 3102 327 3158 et
357 3093 482 3158 alterius
513 3093 597 3157 illius
625 3115 709 3157 nunc
740 3094 840 3177 ignoti
871 3092 1008 3170 decreto,
1034 3102 1196 3178 antequam
1219 3096 1315 3181 lapidi
1335 3097 1375 3158 in·

296 3205 502 3290 sculperetur,
527 3203 704 3282 addiderat,
729 3206 818 3290 quasi
834 3204 872 3270 de
894 3206 931 3269 iis
955 3228 1078 3291 quoque
1100 3206 1231 3270 tulisset.

338 3320 356 3403 p
379 3319 431 3380 86.
476 3316 687 3381 Undecimviri
712 3339 834 3381 causam
855 3319 1026 3395 οὐταγιορήο
1049 3341 1080 3382 11
1102 3327 1277 3403 recepturos
1294 3337 1374 3400 nega·

294 3435 414 3505 verant,
435 3429 499 3492 nisi
520 3428 553 3491 in
577 3427 708 3490 formula
731 3428 919 3491 accusatoris
942 3428 1125 3493 adderentur
1147 3429 1238 3494 verba
1260 3431 1307 3494 s’a'
1326 3429 1373 3492 αὐ-

294 3540 419 3623 τοφύριρ.
450 3539 489 3602 Ili
503 3540 619 3603 monito
636 3540 763 3603 audiens
780 3540 881 3603 fuerat
898 3548 1055 3604 accusator
1070 3540 1251 3625 Dionysiae,
1270 3542 1373 3606 certius

295 3651 521 3715 damnationem
543 3651 700 3714 imminere
723 3673 758 3714 eo
782 3648 993 3715 additamento
1016 3659 1111 3715 ratus.
1150 3651 1209 3715 Sed
1226 3653 1373 3737 Agoratus

295 3763 429 3847 speciose
456 3761 534 3826 nihil
557 3784 640 3826 nunc
664 3761 750 3826 illam
773 3763 997 3827 accusationem
1020 3762 1059 3826 ad
1082 3785 1114 3826 se
1137 3763 1288 3846 pertinere
1311 3782 1373 3824 con·

295 3873 412 3952 tendit,
438 3873 521 3958 qnod
543 3877 590 3939 ἐτ’
614 3875 769 3956 αὐτοφώρῳ
792 3874 997 3960 deprehensns
1020 3896 1083 3938 non
1106 3882 1194 3939 esset.
1241 3873 1307 3938 Iam
1328 3871 1372 3934 de-

294 3993 519 4049 monstraturus
554 3991 655 4048 orator
679 3985 780 4048 animo
803 3986 836 4049 in
859 3986 1029 4069 Agoratum
1051 3986 1170 4049 infenso
1194 3980 1370 4050 undecimu-

293 4070 344 4160 ros
367 4096 515 4181 Dionysio
538 4097 684 4175 suasisse,
709 4105 745 4160 ut
768 4096 952 4162 adscriberet
963 4097 1010 4161 ἐτ’
1023 4098 1194 4179 αὐτοφώρῳ,
1211 4097 1259 4160 his
1275 4093 1366 4160 verbis

294 4210 410 4273 utItur:
434 4210 543 4273 δοκούτι
566 4208 590 4272 δ’
613 4208 714 4285 ἔμοιγε
736 4209 770 4295 οἱι
783 4205 899 4292 ἕνδεκα,
923 4211 947 4272 οἱ
970 4208 1200 4289 ταραδεξιίριειιοι
1223 4209 1274 4282 τὴν
1294 4209 1367 4271 οὐτα-

294 4322 396 4398 wyte
419 4320 547 4394 ταύταα,
570 4319 686 4397 οἰόμενοι
709 4319 861 4399 Ἀγοράτῳ
884 4320 1083 4400 συμπράττειν
1105 4323 1172 4387 τότε
1194 4324 1242 4387 καὶ
1263 4325 1366 4402 >trexa-

294 4430 428 4512 ριζύμεοοι
457 4430 569 4511 σφόδρα
599 4430 679 4510 ὀρθῶς
709 4440 824 4504 ποιῆται
848 4431 1004 4508 Διονύσιον,
1028 4433 1080 4503 τὴν
1102 4434 1270 4511 duapondo
1291 4431 1364 4498 αὐτοὶ·
