2958 5238
819 489 879 551 108

351 689 444 776 442.
488 695 547 763 ταῖς
570 689 593 754 ἴ
616 691 648 783 ἐν
671 675 833 769 θυγατέρων
856 686 960 759 ταῖδες
982 685 1149 765 γεγόνασιν.
1193 688 1276 753 Haec
1298 710 1383 774 quor·

307 823 376 865 sum
405 807 544 886 spectent
574 807 699 888 apparet
722 822 759 865 ex
781 800 888 884 fragm.
913 798 1058 862 orationis
1081 799 1114 863 in
1137 797 1204 865 Alc.
1228 799 1266 865 de
1288 799 1383 867 Domo
1444 811 1448 829 '

304 911 511 998 (4811111111.)
535 935 582 999 ap.
607 910 719 976 Athen.
744 909 819 975 XII.
845 912 909 975 534
933 909 967 975 F.
1001 908 1142 976 Proxime
1163 911 1318 997 superiora
1332 934 1385 998 per
1465 924 1469 971 ῑ

280 1008 283 1013 ⁴
307 1023 429 1089 δείνωσιν
451 1022 550 1109 posita
573 1028 656 1102 sunt,
691 1019 737 1085 Of.
762 1043 855 1106 supra
877 1019 917 1084 ad
940 1021 992 1084 28.

351 1134 434 1198 Male
457 1133 547 1218 vulgo
566 1131 741 1197 existimant
756 1106 1065 1210 Alcibiademillum,
1083 1130 1116 1196 in
1133 1153 1225 1216 quem
1240 1132 1386 1197 haecora·

306 1245 351 1310 tio
374 1244 542 1330 composita
564 1244 622 1322 sit,
647 1242 777 1307 eundem
797 1265 878 1321 esse,
900 1242 1005 1327 quiin
1025 1242 1170 1307 Isocratis
1192 1244 1328 1309 oratione
1349 1242 1385 1307 de

307 1354 394 1441 Bigis
417 1357 472 1441 (or.
495 1357 548 1441 16)
572 1355 675 1419 dicens
699 1352 873 1418 inducatur.
908 1352 999 1418 Illam
1019 1354 1100 1418 enim
1120 1376 1241 1419 causam
1257 1355 1311 1439 qui
1325 1376 1386 1418 ora·

304 1466 464 1531 violatus
488 1475 535 1531 est
558 1463 638 1530 anno
661 1466 737 1529 415.
784 1462 830 1529 Of.
855 1463 950 1528 Isocr.
974 1464 995 1528 l.
1019 1464 1041 1542 1,
1058 1465 1118 1529 45:
1138 1465 1218 1537 εὐθὺς
1237 1465 1385 1545 γενόμενος

307 1578 427 1660 ὀρφανὸς
450 1578 645 1661 κατελείφθην
668 1583 719 1644 τοῦ
743 1577 797 1654 μὲν
819 1577 928 1658 πατρὸς
952 1576 1099 1659 φυγόντος
1123 1577 1161 1661 (a.
1186 1576 1263 1661 415)
1290 1574 1384 1652 stall

307 1687 414 1768 μητρὸς
436 1690 669 1779 τελευτησάσης·
685 1690 707 1774 1)
732 1689 810 1753 οὕτω
834 1688 864 1752 δὲ
887 1686 1017 1770 τέτταρα
1039 1689 1089 1763 ἔτη
1112 1688 1239 1767 γεγονὼς
1262 1687 1301 1771 (a.
1324 1687 1383 1749 411

308 1797 366 1862 sub
390 1798 638 1884 quadringentis)
657 1797 704 1863 δαὶ
727 1799 777 1873 την
799 1803 850 1886 τοῦ
873 1798 982 1880 πατρὸς
1006 1798 1107 1881 paphu
1130 1797 1193 1878 περὶ
1216 1803 1267 1863 τοῦ
1292 1796 1385 1875 σώμα-

308 1934 356 1982 τος
379 1910 418 1982 εἷς
441 1910 561 1975 κίνδυνον
583 1910 745 1986 κατέστην,
766 1907 808 1974 ἔτι
828 1906 863 1974 a
872 1916 944 1983 ταῖς
960 1909 995 1974 ὢν
1011 1912 1119 1994 (annos
1130 1914 1221 1973 natus
1238 1892 1385 1991 undecim)

308 2021 364 2086 ὑπὸ
393 2027 448 2086 τῶν
478 2019 632 2102 τρενὶκνντα
661 2020 694 2085 ἐκ
723 2029 776 2096 της
806 2018 917 2092 πόλεως
944 2017 1086 2097 ἐξέπεσαν.
1132 2018 1193 2083 Sed
1215 2020 1385 2086 Alcibiades

307 2131 378 2210 ille,
411 2129 465 2216 qui
493 2138 539 2196 est
568 2130 651 2215 apud
680 2129 821 2216 Lysiam,
853 2131 915 2194 iam
941 2137 1084 2216 epatre,
1109 2138 1229 2195 mortuo
1253 2156 1281 2197 a.
1306 2134 1383 2209 404,

309 2241 400 2307 domo
431 2243 592 2308 arcessitus
621 2243 737 2321 fuerat,
767 2241 851 2328 quod
878 2242 1020 2307 infamem
1047 2249 1150 2327 ageret
1171 2242 1267 2306 vitam
1290 2244 1307 2328 b
1328 2243 1385 2319 263

309 2374 439 2438 oramque
462 2354 543 2440 patri
564 2353 726 2419 insidiatus
750 2352 846 2418 Oreos
857 2354 894 2440 (Ρ)
917 2353 1060 2440 proderet
1081 2353 1142 2419 iam
1164 2356 1262 2435 ὡραῖος
1287 2350 1385 2432 ἐγεγό-

308 2487 365 2542 νεν,
387 2463 430 2530 ib.
454 2465 512 2530 snb
531 2467 552 2531 f.
574 2472 605 2530 et
619 2486 717 2550 usque
732 2465 771 2530 ad
786 2465 881 2550 patris
897 2473 1027 2529 mortem
1041 2466 1074 2530 in
1089 2472 1240 2551 potestate
1255 2464 1386 2530 hostiurn

309 2581 384 2639 erat.
431 2573 636 2641 Statnendum
669 2583 716 2641 est
746 2576 842 2662 igitur
866 2575 1011 2641 Isocratis
1034 2577 1204 2641 orationem
1225 2598 1291 2641 non
1313 2573 1387 2641 Alci·

310 2686 392 2751 biadi
414 2688 525 2753 minori
548 2687 601 2754 sed
624 2688 711 2753 alteri
733 2688 797 2752 filio
820 2687 990 2752 Alcibiadis
1012 2687 1187 2773 Hipponion
1211 2709 1278 2752 esse
1302 2686 1388 2769 scrip·

259 2857 260 2861 ,
310 2804 389 2877 tam,
415 2798 452 2863 de
475 2822 536 2883 quo
559 2799 622 2863 filio
646 2798 714 2863 vide
737 2821 815 2883 quae
837 2820 996 2863 monemus
1019 2798 1058 2862 ad
1080 2799 1097 2883 b
1120 2800 1172 2862 28.

354 2909 415 2981 Hic
434 2910 529 2995 igitur
544 2909 717 2975 Alcibiades
734 2910 833 2974 minor·
848 2909 966 2995 aliquot
977 2909 1064 2973 annis
1076 2916 1147 2973 ante
1158 2907 1254 2994 patris
1267 2906 1384 2973 exilium

309 3019 379 3105 (sub
410 3042 524 3085 annum
554 3022 630 3105 425)
658 3013 748 3085 natus
776 3021 913 3085 Athenas
935 3020 1060 3105 reliquit
1084 3027 1207 3106 epatre
1230 3019 1383 3084 arcess'tus

311 3112 411 3215 agens
440 3154 555 3196 annum
582 3132 645 3196 fere
675 3132 964 3196 duodevicesimam.
1003 3131 1109 3197 Peiore
1143 3132 1235 3196 etiam
1269 3130 1384 3194 fortuna

310 3263 412 3325 quam»
425 3241 484 3305 fide
508 3264 581 3305 usus
604 3265 701 3326 quum
722 3243 817 3328 patris
839 3243 980 3307 hostibus
1003 3242 1109 3307 urbem
1131 3243 1165 3306 in
1179 3230 1309 3306 Thracia
1324 3259 1384 3326 pro·

309 3349 437 3416 didisset
461 3375 479 3416 a
501 3353 578 3417 duce
600 3354 736 3418 hostium
759 3355 792 3418 in
816 3353 945 3418 vinculis
968 3353 1093 3418 habitus
1117 3352 1274 3419 adversam
1290 3348 1382 3438 prodi·

311 3470 412 3527 torum
436 3473 550 3529 sortem
572 3472 714 3550 expertus
738 3473 794 3530 est.
839 3465 888 3529 Er
910 3464 1050 3529 custodia
1072 3458 1142 3549 post
1157 3466 1251 3549 patris
1268 3463 1382 3528 demum

310 3585 455 3653 mortem,
488 3574 593 3639 eodem
624 3582 759 3661 ternpore
791 3598 851 3661 qno
874 3575 1002 3660 triginta
1024 3576 1081 3639 viri
1104 3575 1234 3639 Athenis
1256 3568 1383 3638 instituti
1470 3578 1471 3583 ’

311 3692 400 3764 sunt,
426 3686 467 3766 ab
480 3694 614 3752 amatore
631 3687 821 3752 Archebiade
842 3687 997 3751 redemtus
1017 3692 1072 3750 est.
1097 3685 1242 3758 Secutum
1257 3691 1303 3749 est
1316 3690 1384 3747 tern-
1462 3722 1466 3733 ι

310 3798 370 3882 pus
400 3795 521 3862 Leucae
552 3805 671 3877 actum,
703 3798 785 3863 unda
817 3797 944 3884 praedas
967 3820 1059 3882 agens
1082 3820 1163 3862 mare
1186 3797 1383 3881 propinquum

309 3908 475 3973 infestabat
496 3912 513 3995 p
536 3911 588 3975 27.
622 3908 696 3974 Non
711 3910 815 3996 potuit
827 3910 923 3995 igitur
938 3910 1084 3974 interesse
1098 3930 1221 3993 pugnae
1236 3906 1275 3971 ad
1289 3907 1381 3989 Aegos

308 4018 470 4099 Potamos,
487 4027 590 4105 gestae
605 4043 703 4106 quum
718 4029 804 4108 pater
819 4021 993 4085 etiamtum
1008 4017 1139 4097 viveret,
1160 4018 1226 4104 ipse
1241 4018 1273 4082 in
1288 4017 1383 4081 sinon

345 4294 370 4355 1)
387 4295 549 4358 Redarguitnr
565 4295 603 4346 his
618 4294 777 4354 Plutmohus,
795 4294 821 4342 in
838 4293 888 4342 rita
903 4290 957 4341 Alc.
975 4306 996 4341 c.
1014 4292 1029 4341 8
1046 4305 1146 4340 narrans
1163 4289 1310 4353 Hipparcten
1329 4296 1380 4332 uxo·

311 4398 362 4432 rem
386 4382 517 4432 Alcibiadis
539 4388 659 4436 mortuum
683 4401 734 4434 esse
755 4387 788 4442 εἰς
805 4381 899 4451 ’Ἔφεσον
917 4384 959 4432 τοῦ
974 4377 1113 4447 Ἀλκιβιάδου
1129 4378 1277 4441 πλεύσαντος,
1294 4374 1310 4426 ἰ.
1327 4389 1346 4422 θ·
1361 4382 1379 4416 ⁸·

312 4470 369 4523 407.
387 4466 425 4522 cf.
442 4489 463 4523 c.
482 4474 521 4524 35.
