3002 5240
638 467 679 529 35

126 669 200 735 enim
224 668 261 732 ad
286 667 375 735 fidem
398 668 621 735 conciliandam
643 689 750 752 parurn
773 673 878 751 aptum
895 671 973 728 esset
980 691 989 742 3
1006 686 1069 729 rem
1085 674 1201 749 gestam

125 802 188 843 vere
221 788 389 847 enarratam
420 802 481 844 non
513 779 644 849 eredunt
674 777 791 843 iudices
821 777 880 843 nisi
911 776 994 839 illam
1025 776 1082 839 sub
1105 775 1202 839 oeulis

126 892 208 955 sitam
233 892 321 976 qnasi
344 891 605 976 contemplentur,
631 897 737 973 estque
760 887 814 951 illa
837 888 952 963 virtus,
976 909 1067 971 quam
1092 886 1203 971 Diony-

126 1003 183 1069 sius
208 1002 310 1068 Halia.
335 1004 372 1067 de
394 1003 465 1088 Lys.
490 1025 516 1067 e.
543 1009 561 1065 8
586 1002 779 1066 vehementer
801 999 833 1066 in
858 1008 962 1062 nostro
978 1007 1096 1062 oratore
1111 998 1204 1062 admi-

125 1123 222 1178 ratur:
247 1117 260 1179 ὁ
283 1115 312 1180 δὲ
337 1113 481 1196 τροςέχων
508 1115 560 1190 τὴν
582 1111 703 1179 διάνοιαν
726 1118 785 1184 τοῖς
808 1110 915 1175 Λυσίου
941 1108 1059 1186 λόγοις,
1082 1111 1139 1189 οὐχ
1161 1106 1204 1173 οὕ-

124 1251 176 1298 τως
198 1226 284 1292 ἔσται
307 1225 424 1301 σκαιός,
449 1226 465 1302 ἢ
489 1225 674 1306 deceptores,
695 1224 711 1298 ἢ
730 1222 841 1301 βραδὺς
859 1222 908 1286 τὸν
927 1227 1004 1298 νοῦν,
1021 1219 1050 1290 ὃς
1065 1223 1122 1301 οὐχ
1138 1221 1204 1284 ὑπο-

124 1340 251 1418 λήψεται
274 1337 315 1402 τα
338 1337 500 1414 δηλούμενα
522 1338 558 1409 ὥς
581 1335 745 1414 γιγνόμενα
767 1335 848 1414 ὁρᾶν,
872 1334 922 1399 καὶ
938 1331 1031 1413 ὥσπερ
1050 1335 1205 1412 παροῦσιν,

123 1444 159 1521 οἷς
188 1447 226 1514 ἂν
255 1449 269 1512 ὁ
291 1450 379 1529 ῥήτωρ
401 1447 526 1528 airolae,
550 1447 701 1527 τροςώοτονς
724 1447 845 1522 ὁμιλεῖν.
888 1443 1136 1527 interpolationis
1161 1465 1208 1504 ve-

125 1560 251 1643 stigium
276 1580 408 1643 agnosco
432 1558 464 1621 in
489 1556 587 1621 verbis
611 1556 660 1621 eal
684 1559 755 1634 ἐμοῦ
767 1557 944 1634 ἀμυνομένου
957 1564 1026 1641 post
1041 1562 1102 1618 tam
1120 1554 1209 1618 breve

126 1669 319 1735 intervallum
342 1669 490 1752 repetitis.

167 1780 213 1845 Ex
239 1780 277 1844 iis
301 1801 379 1863 quae
401 1780 547 1865 leguntur
569 1782 586 1865 d
610 1782 651 1843 25
676 1780 778 1863 (καίτοι
801 1785 861 1853 τῶς
885 1778 973 1857 εἰκός,
997 1804 1024 1845 κ.
1048 1804 1077 1845 τ.
1101 1780 1135 1862 ἑ.)
1160 1801 1209 1862 ap·

126 1900 225 1976 paret,
264 1890 418 1957 Simonem
452 1890 645 1957 contendisse
682 1900 830 1955 trecentas
862 1913 893 1954 se
925 1890 1084 1954 drachmas
1115 1911 1209 1974 puero

125 2003 285 2069 donavisse
309 2003 348 2069 ad
371 2003 437 2067 eius
461 2025 594 2066 amorem
617 2001 676 2067 sibi
695 2002 919 2081 conciliandum
929 2028 939 2080 ;
956 2001 1034 2069 hane
1050 2003 1210 2086 pecuniam

126 2138 154 2179 se
176 2121 288 2200 postea
309 2137 512 2199 recuperasse.
548 2112 606 2177 His
630 2136 648 2177 a
670 2136 718 2177 me
741 2112 913 2199 praemissis
929 2135 1011 2177 nuuc
1028 2112 1118 2177 verba
1134 2133 1211 2194 quae

123 2227 209 2297 initio
230 2226 376 2291 sectionis
399 2225 540 2289 laudatae
559 2224 721 2310 leguntur:
746 2227 796 2289 οὐκ
818 2223 934 2304 ἐξαρκεῖ
950 2225 1013 2304 περὶ
1035 2222 1136 2287 τούτου
1158 2222 1210 2298 μό·

126 2362 165 2403 νον
189 2341 275 2418 αὐτῷ
297 2338 477 2417 ψεύσασθαι,
503 2336 565 2417 περὶ
589 2342 639 2401 τοῦ
663 2335 810 2401 δεδωκέναι
833 2337 866 2400 τὸ
888 2335 1035 2417 ἀργύριον,
1059 2337 1143 2405 ἄλλα
1161 2336 1210 2400 καὶ

102 2426 296 2527 ”enatem
318 2447 410 2528 φησίν
428 2446 546 2510 nullam
570 2445 702 2510 offerunt
725 2445 950 2510 obscuritatem.
998 2446 1056 2510 sed
1081 2448 1211 2531 primum

128 2559 203 2624 lecta
227 2556 391 2622 offendunt
398 2583 407 2635 3
431 2556 557 2621 verbum
581 2557 746 2635 κεκομίσθαι
770 2579 832 2621 non
855 2567 959 2641 aptum
980 2566 1025 2621 est
1032 2584 1041 2635 3
1059 2580 1121 2622 uon
1137 2565 1212 2625 oeci-

127 2675 230 2756 pieadi
254 2669 306 2734 sed
333 2670 535 2753 recuperandi
555 2668 640 2731 notio
663 2668 832 2731 necessaria
854 2675 900 2732 est
907 2693 917 2746 3
942 2668 1063 2753 scripsit
1085 2670 1211 2735 sortasse

129 2781 237 2867 Lysias
261 2779 515 2856 κανακεκομίοθαν.

169 2893 267 2978 §tia
313 2889 445 2965 οἰομένας
475 2886 511 2952 ἄν
541 2912 581 2965 με
603 2883 675 2953 εἶδεν
699 2888 911 2972 corrigendum
935 2889 1056 2953 videtur
1078 2890 1212 2967 ἄσμενος.

129 3003 177 3067 Ita
200 3002 286 3068 enim
309 3000 408 3064 solent
432 2999 529 3063 Attiei
552 2999 663 3083 reliqui
687 3007 717 3063 et
740 2999 847 3084 Lysias
874 3009 1083 3085 praeterquam
1103 3005 1154 3066 13.
1174 3004 1212 3065 ll

130 3122 159 3178 et
183 3116 237 3178 al.
266 3113 316 3174 18.
360 3110 407 3174 De
430 3109 634 3195 Xenophonte
658 3110 696 3173 ol.
720 3109 860 3175 Diodori.
885 3111 925 3174 ad
941 3112 1063 3176 Memm.
1083 3112 1144 3175 ΠΙ.
1165 3116 1214 3175 ll.

133 3227 192 3301 10,
226 3223 281 3308 qui
311 3220 401 3284 docet
430 3221 607 3287 adverbium
638 3221 768 3286 subinde
795 3244 812 3285 a
835 3222 966 3286 librariis
989 3246 1044 3308 pro
1068 3224 1215 3289 adiectivo

131 3334 336 3399 substitutum
361 3354 442 3408 asse,
468 3332 605 3417 exemplo
627 3355 699 3397 usus
725 3334 793 3397 loeo
816 3333 876 3398 GP.
894 3334 932 3397 V.
950 3338 980 3399 4.
999 3339 1036 3413 6,
1054 3336 1108 3399 ubi
1124 3336 1216 3419 vulgo

132 3448 189 3525 χρὴ
219 3442 352 3520 οἰομένας
384 3443 517 3526 legitur,
550 3443 602 3506 sed
632 3453 775 3528 corrupta
798 3444 888 3509 leotio
911 3447 1128 3527 χρησαμένους,
1153 3470 1217 3531 per-

134 3556 260 3619 mutatis
291 3553 411 3619 duabus
442 3555 567 3634 litteris,
591 3578 692 3619 veram
715 3562 865 3621 monstrat
889 3559 948 3640 χρὴ
970 3559 1121 3637 αοροένονς.
1168 3559 1217 3625 Ad

134 3673 275 3731 nostrum
305 3666 406 3730 locum
438 3667 475 3730 of.
511 3670 539 3730 l.
573 3668 631 3730 12:
661 3668 772 3745 οἰομένη
803 3693 842 3745 με
872 3669 1004 3747 ἓορανρνῑα
1033 3669 1138 3744 ἥκοντα
1170 3670 1219 3745 δρα

134 3775 245 3857 χρόνον.
271 3779 324 3840 22.
352 3780 408 3840 14:
433 3775 551 3852 ἄσμενον
574 3778 630 3851 τας
652 3780 806 3861 συμφορὰς
828 3779 884 3850 τας
909 3780 1049 3860 ὑμετέρας
1072 3782 1175 3860 ὁρῶσιν.

178 3889 195 3971 t
219 3890 260 3951 36
285 3888 317 3951 id
340 3910 432 3972 agens
455 3894 557 3951 orator
581 3896 616 3951 ut
639 3910 670 3951 se
694 3911 755 3952 non
779 3889 921 3973 petivisse
934 3890 991 3953 'sed
1006 3893 1137 3976 petitum
1152 3916 1217 3957 esse

136 3997 340 4078 demonstret,
365 3999 506 4063 maleficii
529 3999 677 4077 alieuius,
701 4001 820 4084 inquit,
846 4010 985 4067 auctores
997 4011 1072 4067 sunt
1086 4026 1148 4067 non
1164 4003 1217 4087 qni

135 4109 260 4194 fugiunt
283 4110 335 4174 sed
360 4110 413 4194 qui
437 4110 651 4193 insequuntur.
700 4115 745 4177 Οὐ
765 4112 854 4176 τοίνυν
875 4118 975 4185 ταῦτα
993 4113 1106 4196 οἰκότα,
1120 4114 1219 4191 ἄλλος

137 4219 170 4283 δὲ
201 4221 280 4300 παρ’
312 4223 427 4286 αὐτῶν
456 4219 638 4300 τέτρακτατ,
665 4222 748 4286 ἄλλα
771 4223 997 4303 καταλαβόντες
1021 4225 1054 4289 τὸ
1077 4224 1236 4305 urspringen

139 4332 169 4395 ἐκ
194 4340 249 4405 τῆς
271 4312 331 4399 ὁδοῦ
355 4329 425 4411 ἦνον
447 4332 511 4414 βίον.
558 4331 608 4396 sie
631 4333 808 4413 Palatinus;
834 4336 897 4415 περὶ
921 4339 1015 4401 αὐτῶν
1040 4359 1076 4399 ex
1099 4337 1221 4413 detario

139 4442 224 4509 ribus
255 4444 447 4523 adsciverunt
477 4442 657 4509 Turioenses
689 4453 719 4509 et
750 4422 927 4523 Soheiliius3
951 4447 983 4509 in
1006 4469 1068 4531 qua
1090 4447 1220 4525 lectione
1311 4526 1316 4537 θ

1065 4563 1102 4619 3*
