2994 5234
638 445 698 508 175

121 636 256 717 πράξειεν
279 647 310 701 et
333 638 426 721 paulo
449 646 519 703 ente
543 640 596 704 46.
621 642 658 701 2:
683 642 799 720 οέπορεῖν
822 641 859 706 ἂν
882 640 971 704 αὐτον
994 635 1033 712 οἷς
1055 641 1121 711 τοὺς
1144 662 1211 720 κρα-

118 752 245 818 τοῦνται
279 747 501 829 ξυγκαοαιρήπει
537 744 587 831 (οἷς
622 770 677 833 pro
708 747 862 829 ὁποτέροις,
895 748 1142 813 Lacedaemoniis
1173 771 1212 812 eu

120 849 388 941 Atheniensibus).
427 856 523 941 Soph.
553 859 627 921 Ant.
662 860 743 922 7342
780 858 865 931 πόλις
895 859 955 937 γὰρ
978 862 1047 936 ἡμῖν
1070 857 1129 934 οὶμὲ
1153 858 1212 937 χρὴ

119 965 243 1030 edesio
273 969 346 1046 ἐρεῖς
377 965 455 1033 Oed.
487 965 553 1031 Col.
589 969 690 1032 llil:
723 967 804 1044 ἔξοιδ’
834 967 943 1031 οέκούων
974 965 1053 1031 τῶνδ’
1065 964 1095 1037 7ο
1117 966 1176 1031 ἐσθ’
1198 968 1213 1028 o‘

120 1074 299 1153 προστάτης.
338 1075 413 1139 Eur.
445 1074 514 1160 Iph.
546 1075 581 1139 Τ.
609 1079 689 1141 756:
722 1079 846 1154 σήμαινε
869 1076 893 1140 δ’
916 1072 937 1158 ᾧ
959 1078 1018 1156 χρὴ
1040 1075 1126 1140 τάσδ’
1153 1077 1213 1141 ἐπι-

121 1185 235 1256 στολὰς
257 1185 364 1265 Φέρειν.
400 1187 495 1250 Arist.
519 1185 602 1250 Plut.
629 1188 686 1249 58:
710 1185 864 1263 μανθάνεις
885 1184 914 1258 ἕρ
934 1193 1023 1267 Φντιι
1041 1182 1129 1263 uirum
1153 1184 1213 1249 Sed

119 1293 178 1356 hoe
202 1302 391 1378 postremum
414 1294 495 1359 nulli
517 1294 612 1360 dubio
629 1296 797 1361 obnoxium
814 1304 869 1359 est.
903 1295 1068 1359 Elmsleius
1085 1294 1122 1358 ed
1138 1293 1212 1358 Eur.

120 1402 205 1467 Med.
243 1406 343 1467 1086:
376 1406 514 1490 „optime
538 1405 656 1469 Greeee
681 1404 795 1469 dieitur
817 1401 881 1470 οἶδα
904 1429 956 1478 τε.
980 1401 1009 1475 ὃς
1033 1400 1074 1482 εἴ,
1098 1404 1170 1468 novi
1187 1411 1215 1469 te

116 1520 210 1595 „quis
232 1520 295 1597 sie,
318 1514 419 1577 minus
442 1513 521 1578 bene
543 1536 615 1578 vero
639 1518 688 1579 οὐκ
711 1511 776 1579 ribei
797 1539 831 1579 σε
853 1511 883 1584 ὃς
907 1509 942 1580 εἷ.
988 1512 1113 1577 Rectius
1136 1512 1214 1585 ὅστις

117 1621 181 1704 ,,εἶ,
211 1621 375 1687 ueletiam
399 1626 444 1695 τίς
467 1620 520 1687 εἶ.”
567 1623 642 1687 Tam
670 1624 813 1708 frequens
838 1631 884 1686 est
907 1621 986 1685 illud
1008 1619 1037 1693 te
1057 1622 1134 1704 εἰμι,
1159 1621 1215 1686 ubi

118 1755 235 1797 nomen
259 1734 387 1797 uliouius
412 1734 569 1817 quaeritur
591 1733 681 1817 (Xen.
707 1733 768 1796 GP.
785 1732 843 1796 VI.
869 1736 898 1795 1.
923 1735 981 1811 46,
1006 1731 1095 1796 Dem.
1113 1734 1164 1796 52.
1185 1735 1213 1808 7,

118 1843 194 1906 Eur.
221 1843 293 1907 Hel.
320 1846 401 1921 818,
426 1843 519 1928 Soph.
545 1844 594 1906 Ai.
622 1846 724 1922 1259,
751 1844 805 1907 Ar.
829 1844 907 1908 Aeh.
925 1845 1008 1920 442,
1025 1842 1119 1927 Soph.
1135 1841 1212 1906 Oed.

119 1951 186 2016 001.
217 1954 320 2030 1171;
345 1952 423 2016 conf.
449 1951 583 2036 Kriiger.
609 1953 648 2016 ed
671 1952 767 2017 Thur.
792 1952 818 2016 I.
846 1955 919 2016 136.
945 1954 996 2036 3),
1018 1959 1055 2015 ut
1070 1951 1145 2016 haee
1160 1974 1215 2036 pro

119 2059 261 2144 legitime
296 2062 417 2127 dicendi
452 2063 570 2126 ratione
605 2062 710 2127 heberi
742 2062 860 2127 debeat.
908 2063 1025 2146 (Ὅστις
1056 2070 1102 2126 est
1133 2062 1215 2147 apud

120 2169 264 2254 Thucyd.
289 2169 315 2234 I.
344 2174 416 2235 137.
443 2173 483 2254 t).
530 2171 661 2254 Reliqua
683 2172 775 2235 modo
799 2172 892 2236 eliste
915 2173 972 2235 etsi
996 2178 1120 2256 propter
1143 2193 1216 2255 peu-

119 2278 248 2342 citatem
279 2302 341 2343 non
373 2288 503 2365 possunt
526 2281 558 2344 in
582 2281 760 2344 universum
783 2282 881 2365 legem
905 2280 1088 2357 convellere,
1113 2287 1214 2343 temen

120 2389 289 2472 prohibent
319 2390 485 2473 quominus
516 2390 663 2454 assentiar
694 2390 900 2455 Herwerdeno
924 2390 1069 2454 scribenti
1091 2384 1215 2462 οἴςτιτιν.

121 2501 340 2564 Accusativum
365 2523 434 2565 oum
458 2501 612 2565 infinitivo
636 2500 779 2566 iunctum
804 2503 1043 2586 postmoerium
1067 2504 1098 2562 et
1116 2499 1215 2561 simm.

120 2610 270 2694 exemplis
294 2610 498 2675 defenderunt
520 2611 761 2676 Reuehenstein.
786 2611 834 2676 ad.
862 2615 890 2678 7.
916 2615 956 2676 37
976 2611 1077 2676 Brem.
1095 2609 1134 2677 ed
1150 2609 1181 2672 h.
1194 2608 1215 2671 1.

120 2719 192 2783 Alia
218 2719 330 2783 videsis
352 2720 386 2787 in
409 2720 543 2784 Gremm.
568 2722 585 2805 b
609 2724 661 2785 55.
686 2743 757 2785 ann.
783 2723 837 2785 28.

164 2829 309 2892 Proxime
332 2837 503 2912 sequuntur
526 2831 618 2894 haee:
643 2834 676 2896 ἐκ
698 2831 799 2898 τούτου
815 2833 874 2909 γαρ
890 2830 939 2895 καὶ
957 2832 1038 2909 ὑμεῖς
1054 2831 1212 2908 γνώσεσθε,

19 2948 22 2953 “
119 2938 168 3003 καὶ
197 2940 257 3016 ἐγὼ
281 2943 343 3018 περὶ
368 2941 496 3016 ἐμαυτοῦ
519 2941 571 3014 τὴν
593 2941 759 3015 ἀπολογίαν
783 2941 958 3022 ποιήσομαι,
983 2940 1155 3021 ἀποφαίνων
1178 2943 1214 3013 ὡς

119 3050 178 3115 οὔτ’
211 3048 246 3125 ἐξ
275 3046 311 3112 ὧν
341 3052 370 3114 ἐν
400 3050 578 3132 δημοκρατία
610 3050 670 3114 οὔτ’
701 3049 735 3126 ἐξ
757 3046 793 3115 ὧν
817 3053 844 3113 ἕν
867 3050 1031 3131 ὀλιγαρχία
1052 3050 1213 3132 πεποίηκα,

119 3160 196 3223 οὐδέν
228 3183 276 3236 μοι
309 3167 442 3239 προςϊρκον
473 3160 607 3224 κακόνουν
631 3156 711 3224 εἶναι.
747 3158 914 3223 Verissime
936 3157 1091 3242 Kayserus
1114 3158 1216 3242 delen·

121 3268 196 3333 dum
220 3275 324 3332 monet
346 3270 518 3351 ἀποφαίνων
542 3278 611 3353 post
634 3270 717 3355 quod
733 3291 796 3333 non
812 3278 893 3334 reete
913 3276 1008 3333 steret
1018 3272 1054 3340 ως
1067 3277 1216 3349 προςῆκον,

122 3377 207 3461 quod
232 3378 276 3441 ed
294 3385 461 3461 utrumque
484 3379 655 3444 membrum
679 3380 834 3462 (γνώσεσθε
857 3388 888 3442 et
906 3381 957 3454 rto
977 3383 1033 3444 ιἰπ.
1048 3381 1215 3461 ποιήσομαι)

123 3489 273 3571 pertinet,
298 3489 352 3551 sed
375 3489 601 3554 construetione
624 3487 887 3554 accommodatum
911 3498 956 3552 est
979 3487 1149 3573 posteriori.

166 3600 184 3682 t
208 3600 239 3660 9.
277 3588 356 3659 sunt
374 3619 410 3660 ex
428 3597 674 3683 quadringentis,
695 3599 749 3683 qui
765 3607 912 3682 tanquam
928 3597 1077 3662 libertatis
1094 3597 1215 3681 petroni

124 3728 194 3770 oum
216 3706 344 3789 reliquis
368 3707 509 3771 exulibus
532 3718 638 3792 postes
659 3710 788 3792 triginta
810 3710 891 3772 viros
914 3708 1073 3784 eiecerint,
1098 3712 1128 3769 et
1150 3727 1214 3770 rur·

123 3839 175 3880 sus
199 3815 246 3879 illi
262 3816 317 3899 qui
332 3816 519 3899 pepulerunt
534 3817 774 3902 quadringentos
790 3819 902 3902 partim
917 3819 977 3902 ipsi
992 3818 1073 3881 inter
1087 3814 1215 3899 triginta

123 3928 202 3990 viros
230 3926 372 4002 fuerunt,
400 3926 453 3990 riri
482 3925 508 3988 δ’
525 3924 623 3998 οἵτινες
648 3932 702 3991 τῶν
724 3927 907 3992 ’Etevrbdd’
935 3925 1212 4005 ἀπογραψαμένων,

124 4035 286 4111 ἐξελθόντες
306 4033 371 4111 μεθ’
388 4035 481 4111 ὑμῶν,
499 4036 707 4116 ἐπολιορκοῦντο
723 4036 788 4113 μεθ’
804 4036 908 4101 αὑτῶν.
932 4035 982 4099 Sic
993 4035 1106 4110 Palat.;
1119 4033 1212 4117 vulgo

123 4143 189 4220 μετ’
206 4146 320 4220 etiem
338 4143 391 4207 sed
407 4143 481 4207 haee
498 4146 626 4209 verietes
643 4145 733 4209 nihili
749 4152 811 4222 est,
829 4160 925 4229 quum
940 4145 1013 4209 olim
1030 4144 1212 4208 scriberetur

124 4253 262 4337 neglecte
285 4252 411 4316 elisione
434 4254 514 4330 μετὰ
538 4257 632 4318 αὐτῶν
656 4254 704 4317 vel
726 4254 828 4317 αὑτῶν.
868 4255 906 4318 Oi
930 4253 1211 4320 servitudinem

126 4361 329 4431 Athenienses
359 4362 415 4445 qui
443 4362 666 4446 expeditionem
696 4370 895 4446 susceperunt
918 4362 956 4429 ed
979 4363 1106 4446 triginta
1129 4359 1209 4423 viros
