3002 5240
829 472 871 535 26

312 690 407 751 puero
431 692 524 753 quum
548 670 735 736 commodius
759 679 837 735 essct
859 672 975 750 visum,
999 672 1082 737 illam
1102 682 1196 738 noctu
1211 679 1242 737 et
1256 672 1394 737 interdiu

313 781 345 843 in
372 780 512 844 inferiore
539 804 620 860 esse,
652 783 779 846 uraritus
802 783 829 846 ei
852 791 968 868 partem
992 784 1165 850 inferiorem
1186 783 1393 849 andronitidis

293 891 509 970 ¹concedebat,
533 900 569 957 ut
587 893 652 980 ipse
667 902 762 958 totam
778 901 895 958 teneret
910 895 1094 980 superiorem
1111 895 1392 981 contignationem,

310 1003 482 1069 inferiorem
504 1003 612 1068 domus
635 1010 750 1088 partem
774 1026 860 1068 uxor.
907 1004 956 1068 Ita
978 1007 1197 1090 interpretatus
1219 1006 1305 1072 locus
1327 1026 1395 1069 non

311 1124 427 1201 pugnat
450 1136 520 1178 oum
544 1114 611 1177 aliis
634 1113 754 1179 aedium
778 1115 963 1200 privatarum
986 1116 1251 1202 descriptionibus,
1290 1115 1396 1200 Vulgo

311 1227 354 1290 sie
376 1226 478 1291 locum
502 1226 670 1309 explicant,
696 1236 732 1289 ut
754 1235 824 1291 ante
845 1227 981 1292 mulieris
1002 1237 1124 1313 partum
1139 1230 1185 1293 vir
1200 1227 1396 1303 inferiorem,

310 1337 420 1401 mulier
442 1337 626 1420 superiorem
650 1343 729 1400 totas
752 1339 924 1416 tenuerint3
949 1337 1073 1403 aliunde
1096 1361 1166 1404 vero
1182 1338 1256 1402 satis
1272 1343 1396 1401 constat

309 1448 473 1512 mulierum
503 1448 643 1511 conclave
673 1448 767 1511 fuisse
796 1450 830 1512 in
860 1451 985 1534 posticis
1015 1449 1136 1514 aedium
1169 1449 1322 1535 partibus,
1354 1447 1395 1510 ad

312 1581 387 1643 quas
411 1559 511 1624 aditus
535 1582 587 1644 per
609 1562 754 1634 μέταυλον
777 1562 860 1641 θθραν
882 1561 1066 1626 interclusus
1086 1570 1174 1625 esset.
1199 1560 1282 1624 Haec
1297 1559 1395 1623 ianua

311 1670 389 1734 infra
411 1672 427 1755 p
453 1673 490 1735 17
516 1679 784 1748 commemoratur,
809 1671 863 1737 ubi
886 1671 1101 1737 Eratosthenes
1125 1696 1179 1758 per
1194 1673 1342 1749 μέταυλον
1356 1692 1394 1734 ex

278 1843 280 1846 ,
311 1780 547 1868 gynaeconitidis
570 1781 711 1846 inferiore
735 1788 835 1866 parte,
861 1790 891 1847 et
913 1783 985 1847 hinc
1007 1806 1061 1868 per
1084 1784 1197 1848 αὔλειον
1213 1783 1293 1846 foras
1308 1803 1395 1866 egre·

311 1893 404 1959 ditur.
439 1893 531 1957 Eores
547 1901 703 1977 crepantes
719 1893 804 1957 audit
819 1892 1004 1977 Euphiletus
1018 1892 1057 1968 de
1073 1893 1216 1957 cubiculo
1232 1891 1394 1977 (δωματίῳ)

312 1990 476 2090 superiori,
507 2027 568 2089 quo
595 2005 633 2069 ab
656 2026 750 2069 uxore
771 2027 825 2090 per
847 2005 948 2069 iocum
970 2005 1089 2070 seilicet
1112 2006 1249 2069 inclusus
1272 2005 1394 2080 luerat,

313 2124 343 2181 et
364 2116 396 2180 in
420 2137 481 2200 quo
504 2117 622 2179 coenati
645 2124 731 2180 erant
754 2116 783 2200 (p
809 2117 847 2177 ll
872 2114 942 2179 coll.
967 2118 1033 2198 22).
1080 2115 1157 2179 lude
1186 2117 1291 2180 aviro
1314 2137 1395 2179 uxor

312 2227 492 2292 descendere
526 2226 650 2290 iubetur
681 2233 717 2290 ut
746 2246 908 2290 mammam
937 2248 1031 2311 puero
1060 2227 1211 2311 praebeat.
1254 2230 1395 2312 Apparet

312 2347 413 2403 autem
438 2361 454 2402 e
477 2336 592 2403 verbis:
617 2337 759 2408 πολλοίκις
783 2340 799 2413 ἦ
824 2338 897 2414 γυνὴ
919 2339 1008 2419 dailei
1030 2336 1109 2401 κοίτιο
1125 2339 1339 2414 καθευδήσουσα
1354 2341 1393 2409 ὠς

310 2450 343 2515 τὸ
365 2449 475 2514 παιδίον
501 2457 571 2533 post
591 2446 689 2533 prima
710 2446 863 2532 puerperii
885 2455 1022 2532 tempora
1045 2447 1154 2512 bonam
1178 2449 1293 2514 scilicet
1317 2471 1393 2512 uxo-

310 2582 373 2624 rem
397 2580 485 2643 saepe
507 2559 539 2622 in
562 2558 747 2643 superiorem
769 2566 886 2642 partem
902 2581 971 2623 oum
986 2559 1115 2643 coniuge
1130 2560 1269 2624 cubitum
1284 2560 1392 2637 ivisse,

311 2669 395 2754 quod
417 2669 541 2733 minime
564 2678 681 2753 pugnat
703 2690 774 2732 cum
797 2668 858 2732 illis
880 2666 926 2733 ίθα
944 2670 974 2733 δὲ
992 2672 1034 2748 μη
1053 2708 1097 2719 -
1115 2672 1295 2753 κινδυνεθη
1309 2672 1393 2737 κατοὶ

311 2790 363 2857 τῆς
387 2782 529 2859 κλίμακος
552 2781 790 2858 καταβαίνουσα,
813 2783 871 2859 ἐγὼ
895 2783 948 2857 μὲν
971 2781 1028 2846 ν”ινιο
1052 2783 1210 2864 διητθρκην,
1232 2784 1263 2847 αί
1285 2783 1315 2848 δὲ
1337 2792 1415 2860 yos

312 2900 407 2966 ναῖκες
437 2891 536 2967 κοίτου,
567 2913 644 2975 quae
674 2893 833 2956 manifesto
863 2892 1068 2977 intellegenda
1099 2906 1172 2958 sunt
1195 2893 1233 2958 de
1255 2894 1394 2978 periculo

311 3003 394 3088 quod
422 3002 535 3067 recenti
565 3010 653 3088 partu
684 3003 860 3067 incurrisset
889 3004 1011 3068 femina.
1042 3042 1087 3052 -
1117 3005 1155 3068 ln
1183 3005 1279 3070 verbis
1302 3029 1321 3068 a
1342 3029 1393 3070 me

308 3115 422 3178 notatis
445 3113 546 3191 solus,
571 3121 719 3199 quantum
742 3114 822 3191 scio,
838 3114 936 3179 haesit
952 3115 1124 3200 Augerius,
1140 3116 1303 3180 coniiciens
1319 3114 1391 3180 θινιο

308 3230 359 3302 τὴν
381 3251 446 3303 γον.
470 3225 520 3290 καί
543 3227 638 3292 καίτοι
662 3251 690 3293 τ.
713 3227 881 3307 ἀνδρωνῖτιν.

352 3340 444 3423 tlt.
490 3335 626 3420 Speciem
656 3337 749 3401 habet
778 3337 859 3422 quod
892 3339 1001 3405 statuit
1031 3336 1226 3402 Halbertsma
1248 3338 1281 3400 in
1304 3334 1390 3399 Mne-

309 3472 433 3534 mosyne
457 3449 520 3528 XI,
545 3472 574 3534 p.
600 3452 661 3513 207
672 3498 681 3526 ,
706 3449 853 3515 eiicienda
875 3473 940 3514 esse
963 3450 1054 3514 verba
1077 3453 1094 3526 ἦ
1116 3448 1275 3529 ίινθροιπος,
1297 3456 1333 3512 ut
1348 3446 1389 3510 le-

309 3569 417 3646 gatur:
449 3560 626 3641 προςελθοῦσ’
656 3556 701 3624 οὖν
728 3585 792 3641 μοι,
815 3561 908 3638 ἐγγὺς
931 3570 983 3636 τῆς
1011 3562 1100 3632 οἰκίας
1122 3569 1174 3636 τῆς
1197 3562 1269 3637 ἐμῆς
1293 3561 1390 3632 ἐπιτη-

308 3678 411 3754 ροῦσα,
445 3671 613 3751 Εὐφίλητε,
643 3670 700 3752 ἔφη
730 3697 759 3738 κ.
790 3697 818 3738 τ.
849 3673 892 3749 ἐς
924 3670 1007 3755 quod
1038 3693 1108 3735 vero
1138 3670 1219 3735 idem
1250 3678 1390 3755 praesens

309 3787 481 3864 ἐπιτηροῦσα
504 3763 669 3865 improbat,
694 3781 767 3845 satis
790 3781 900 3868 opinor
921 3780 955 3844 id
977 3781 1153 3845 defenditur
1167 3783 1184 3865 t
1200 3783 1237 3843 8:
1253 3783 1390 3858 ἐπιτηρῶν

308 3895 368 3973 νθιρ
393 3895 445 3966 τὴν
468 3893 641 3973 θεροίπαινριν
663 3894 779 3956 -’καὶ
803 3893 908 3970 λόγους
932 3892 1091 3973 προςφέροιν
1117 3893 1269 3956 ἀπώλεσεν
1291 3893 1392 3963 αὐτην,

352 4008 369 4090 p
397 4007 450 4068 tl.
497 4003 649 4068 Ancillam
685 4003 717 4067 in
748 4003 848 4068 forum
879 4003 1040 4068 seduxerat
1069 4002 1272 4087 Euphiletus,
1304 4002 1392 4085 eique

309 4116 523 4201 impunitatem
546 4116 743 4199 promiserat,
765 4115 793 4179 si
815 4115 917 4179 omnia
931 4137 1000 4179 vere
1015 4113 1195 4190 indicasset,
1213 4111 1322 4177 deinde
1337 4110 1391 4175 illa

310 4228 393 4292 dicto
423 4226 550 4291 audiens
573 4235 636 4303 est,
660 4235 726 4289 tum
750 4225 873 4310 Lysias:
898 4225 994 4299 ἐπειδη
1018 4224 1046 4288 δὲ
1070 4224 1186 4297 ποίντα,
1209 4223 1327 4306 inquit,
1351 4221 1389 4286 εί-

309 4362 375 4421 ρητο
405 4341 497 4419 αὐτῇ,
531 4333 609 4403 εἷπον
640 4337 713 4413 ἕηιθ·
744 4332 842 4414 »ὅπως
872 4337 962 4402 τοίνυν
992 4341 1092 4400 ταῦτα
1122 4333 1219 4412 μηδείς
1241 4333 1389 4414 ἀνθρώπων

289 4438 467 4518 ‘redamat'
492 4452 515 4517 εί
538 4449 567 4515 δὲ
588 4449 649 4528 κη’,
672 4448 747 4513 οθδίν
770 4471 812 4513 σοι
835 4448 923 4529 κθριον
946 4447 1028 4512 ἔσται
1051 4454 1105 4511 τῶν
1128 4447 1195 4527 πρὸς
1214 4445 1261 4520 ἔμ’
1280 4447 1386 4524 duoto-
