3002 5240
612 463 652 524 ol

94 660 210 738 citiam3
234 661 256 724 ri
278 659 304 724 δ’
327 660 448 743 αἰσχρὸν
472 662 589 740 ἡγεῖσθε
611 667 714 738 τοῦτο,
738 666 799 733 πῶς
822 660 943 742 αἰσχρὸν
969 655 1002 736 ἦν
1025 658 1130 739 ὑμΐνξ
1163 697 1175 708 -

94 777 158 835 εἶναι
190 773 244 856 (sc.
274 773 352 855 ἐμοί)
384 772 452 848 πρὸς
483 769 513 836 ῶν
540 770 596 837 οὐδ’
619 773 756 837 ἀπειπεῖν
779 771 869 836 καλὸν
902 772 1035 848 ἧγεῖεθες
1068 770 1175 835 Altero

93 882 170 960 loeo,
205 883 256 967 qni
287 882 454 948 admodum
484 882 627 946 turbatus
657 892 703 946 est
710 932 719 961 ,
751 882 825 946 haec
849 880 983 966 pellucet
1006 884 1174 947 sententia:

94 993 163 1056 falso
185 993 286 1058 dicitis
310 1016 363 1057 vos
387 994 518 1058 alienum
543 1016 561 1057 a
582 1017 631 1059 me
655 995 792 1058 animum
819 994 894 1060 meis
914 994 1089 1059 necessariis
1109 1016 1177 1078 ape·

94 1105 200 1183 ruisse,
226 1106 277 1189 qni
298 1104 393 1170 rerba
415 1113 517 1169 vestra
540 1104 579 1168 ad
599 1128 647 1170 me
663 1105 818 1170 deferrent
824 1131 834 1183 3
851 1127 921 1168 nam
941 1105 1082 1191 pulcrum
1103 1127 1175 1168 sane

95 1216 246 1280 inventum
275 1224 410 1280 vestrum
433 1217 559 1294 fuisset,
584 1218 611 1280 si
634 1239 738 1282 omnes
762 1216 919 1294 adissetis,
942 1216 1002 1301 ipsi
1024 1215 1176 1280 declarari·

93 1334 133 1390 tes
155 1349 207 1391 vos
231 1326 378 1412 improbis
405 1336 513 1414 sponte
537 1327 642 1391 amicis
665 1327 721 1391 uti.
757 1326 816 1410 (De
839 1326 989 1399 sententia
1013 1326 1051 1390 cf.
1075 1325 1173 1405 Bake,

95 1436 188 1502 Schol.
213 1437 369 1524 Hypomn.
394 1438 438 1503 Π.
463 1463 493 1524 p.
511 1442 574 1503 231
592 1462 654 1524 sq.;
672 1439 766 1504 verba
782 1461 870 1503 nemo
887 1446 1039 1523 praestare
1054 1440 1175 1523 potest).

95 1547 172 1612 Haec
198 1550 296 1633 igitur
317 1548 443 1635 Lysiam
466 1571 528 1614 non
551 1548 752 1627 dedecerent3
777 1548 832 1613 sed
855 1550 888 1613 in
911 1549 1037 1633 reliquis
1059 1549 1177 1613 nullam

23 1744 25 1749 ⁴
97 1658 209 1723 laudem
242 1658 335 1724 habet
366 1661 463 1724 oratio
470 1685 480 1738 3
513 1682 569 1724 nec
592 1660 681 1724 facile
704 1659 816 1739 credo,
840 1659 879 1723 ad
902 1669 965 1724 tam
988 1660 1066 1725 exile
1090 1683 1176 1746 argn-

99 1780 226 1836 mentum
249 1772 499 1858 pertractandum
522 1772 637 1836 bouum
661 1781 812 1836 oratorem
835 1771 978 1836 habuisse
1001 1773 1105 1838 stilum
1130 1796 1177 1838 ve·

98 1883 196 1948 nalem.
246 1883 387 1949 Profecto
411 1885 438 1948 si
460 1886 492 1948 in
516 1885 668 1966 ἑταιρείαις
693 1885 767 1949 talia
790 1884 850 1949 dici
866 1885 958 1949 moris
974 1885 1097 1963 fuisset,
1114 1908 1176 1950 nou

99 1995 221 2059 multum
254 1996 311 2060 hae
342 1997 374 2060 iu
401 1996 523 2060 civitate
546 1996 721 2061 valuissent.
769 1995 929 2081 Sophistas
951 1996 1026 2060 haec
1049 1997 1175 2075 decent,

100 2107 144 2189 qui
171 2109 204 2171 iu
238 2108 427 2193 argumentis
456 2108 584 2172 moleste
614 2117 706 2192 atque
737 2129 861 2192 operose
884 2108 1064 2193 conquisitis
1088 2131 1177 2172 suum

100 2217 246 2284 iactabant
277 2220 465 2305 ingeniump
486 2219 598 2305 quibus
630 2220 656 2282 si
679 2218 925 2285 adnumerandus
949 2228 1027 2284 esset
1050 2218 1175 2305 Lysias,

102 2328 131 2393 de
161 2343 289 2396 auctore
322 2353 385 2394 non
420 2331 640 2396 dubitaremus.
687 2330 753 2395 Nec
788 2331 895 2409 video,
927 2329 1080 2415 quomodo
1103 2331 1177 2394 haec

106 2444 201 2507 oratori
229 2451 338 2507 nostro
372 2441 519 2508 vindicari
542 2442 678 2527 possint,
703 2443 762 2506 nisi
786 2451 903 2506 statuas
926 2441 964 2506 ab
987 2440 1177 2505 adolescente

107 2554 257 2618 orationem
286 2554 483 2638 compositam
512 2575 593 2630 esse,
620 2575 680 2637 qno
705 2562 839 2638 tempore
863 2554 895 2617 in
918 2552 1010 2617 Italia
1033 2553 1177 2638 sophistis

104 2682 212 2746 operam
248 2664 352 2742 daret,
388 2672 419 2728 et
452 2663 591 2727 nondum
622 2663 706 2727 illam
738 2664 898 2728 sanitatem
932 2674 963 2728 et
996 2665 1177 2728 tenuitatem

104 2775 262 2860 attigisset,
287 2798 380 2860 quam
403 2783 517 2840 veteres
540 2782 645 2860 postea
668 2776 700 2839 in
723 2798 758 2839 eo
779 2774 919 2839 admirati
942 2776 1014 2839 sint.
1056 2775 1178 2839 Nititur

104 2904 164 2949 sane
190 2887 266 2953 haec
289 2910 336 2951 res
358 2887 390 2951 in
415 2887 606 2964 coniectura,
632 2886 685 2950 sed
708 2893 810 2951 tamen
834 2888 877 2951 sic
900 2888 997 2972 magis
1020 2887 1176 2972 intellege·

20 3026 22 3053 :
104 3003 193 3075 retur,
226 2996 382 3082 quomodo
412 2997 502 3062 Plato
533 2998 565 3061 in
598 2997 737 3062 Phaedro
759 2999 893 3085 ineptam
916 3000 1084 3064 orationem
1107 3021 1177 3063 cum

103 3107 222 3186 quadam
246 3109 347 3195 specie
370 3109 433 3173 veri
456 3110 484 3173 ei
507 3108 677 3174 adscribere
701 3111 862 3196 potuisset.
890 3196 892 3199 Ι

141 3215 210 3283 Non
232 3219 346 3283 desunt
368 3219 422 3306 qui
445 3220 612 3284 orationem
634 3219 744 3306 Lysiae
766 3220 949 3286 abiudicent.
986 3220 1033 3285 of.
1050 3221 1178 3286 Scheibe

20 3310 22 3385 i
105 3321 132 3387 in
152 3349 266 3414 argum.
291 3340 322 3395 et
344 3329 504 3412 Benseler,
529 3329 567 3393 de
591 3330 679 3394 hiatu
703 3334 800 3416 (secus
824 3340 916 3416 atque
939 3333 971 3395 in
990 3332 1056 3397 aliis
1072 3333 1180 3396 oratio-

20 3472 22 3491 ι
106 3434 186 3502 nibus
209 3441 260 3507 hie
283 3442 392 3527 vitato)
415 3463 446 3526 p.
473 3444 547 3505 183.
593 3440 666 3507 Non
689 3465 790 3508 veram
814 3445 982 3508 orationem
1006 3443 1059 3507 sed
1083 3442 1179 3532 decla-

108 3552 259 3620 mationem
291 3576 355 3618 esse
387 3576 455 3618 cum
488 3553 548 3617 alia
579 3562 713 3638 arguunt
741 3564 808 3619 tum
839 3557 939 3641 §112
971 3555 1022 3622 καὶ
1046 3557 1103 3633 ε’γῶ
1126 3555 1180 3632 μὲν

20 3660 21 3701 ³
109 3652 174 3734 iau
202 3671 497 3747 Φιλοσοφοῶντας
521 3666 626 3737 αὐτοὺς
650 3666 786 3746 περὶτοῦ
810 3666 988 3750 πράγματα
1016 3665 1180 3743 ἀντιλέγειν

111 3769 160 3831 τὸν
180 3774 338 3841 ἐναντίον
361 3775 479 3854 λόγον.
678 3860 682 3865 ¹

147 3877 189 3945 De
210 3887 340 3972 singulis
356 3886 430 3950 locis
447 3907 545 3970 pauca
560 3886 657 3950 habeo
672 3885 838 3964 monenda,
856 3888 955 3951 multo
971 3888 1059 3971 plura
1075 3885 1180 3950 afferre

111 4005 232 4075 possem,
265 3999 292 4062 si
321 3997 427 4062 ludere
450 3997 560 4062 vellem
583 3997 615 4061 in
638 3998 738 4063 verbis
761 3998 981 4083 propemodum
1004 3996 1181 4081 desperatis.

149 4099 281 4174 Sectione
314 4111 331 4171 1
363 4109 437 4172 haec
467 4107 629 4192 leguntur:
662 4108 775 4189 πάρεισι
802 4108 855 4185 μὲν
878 4109 937 4189 γαρ
960 4103 999 4179 οἷς
1022 4109 1180 4184 ἐπεγκαλῶ

113 4204 181 4284 (f01b
204 4219 350 4304 ἐγκαλῶ),
382 4218 495 4299 πάρεισι
520 4215 601 4283 δ’ῶν
624 4219 748 4284 ἐναντίον
770 4219 897 4296 ἐπιθυμῶ
922 4217 1099 4298 μέμψασθαι
1121 4226 1181 4291 τοῖς

114 4315 240 4393 diates
259 4331 327 4407 ἐμὲ.
344 4330 437 4394 καίτοι
456 4331 556 4411 πολλῷ
573 4331 680 4395 πλείων
702 4328 764 4394 ἐστὶ
783 4329 890 4405 σπονδὴ
911 4331 995 4411 πρὸς
1015 4331 1099 4403 τοὺς
1118 4354 1182 4394 πα-

117 4426 241 4509 starar-
270 4441 336 4512 τοὺς
365 4439 419 4517 μὲν
448 4434 508 4520 γὰρ
537 4440 633 4505 οὐδὲν
655 4436 757 4516 οἶμαι
781 4442 967 4518 τιμήσειν,
991 4445 1015 4508 εἰ
1038 4450 1096 4515 τοῖς
1119 4444 1181 4507 ε’πι·
