<?xml version="1.0" encoding="UTF-8"?>
<!DOCTYPE html PUBLIC "-//W3C//DTD XHTML 1.0 Transitional//EN"
    "http://www.w3.org/TR/xhtml1/DTD/xhtml1-transitional.dtd">
<html xmlns="http://www.w3.org/1999/xhtml" xml:lang="en" lang="en">
 <head>
  <title>
</title>
<meta http-equiv="Content-Type" content="text/html;charset=utf-8" />
  <meta name='ocr-system' content='tesseract 3.04.00' />
  <meta name='ocr-capabilities' content='ocr_page ocr_carea ocr_par ocr_line ocrx_word'/>
</head>
<body>
  <div class='ocr_page' id='page_1' title='image "./commentationesl03frangoog_0160.png"; bbox 0 0 2958 5238; ppageno 0'>
   <div class='ocr_carea' id='block_1_1' title="bbox 613 445 674 505">
    <p class='ocr_par' dir='ltr' id='par_1_1' title="bbox 613 445 674 505">
     <span class='ocr_line' id='line_1_1' title="bbox 613 445 674 505; baseline -0.033 0"><span class='ocrx_word' id='word_1_1' title='bbox 613 445 674 505; x_wconf 80' lang='lat'><strong>145</strong></span> 
     </span>
    </p>
   </div>
   <div class='ocr_carea' id='block_1_2' title="bbox 16 613 1246 4239">
    <p class='ocr_par' dir='ltr' id='par_1_2' title="bbox 107 613 1202 1055">
     <span class='ocr_line' id='line_1_2' title="bbox 147 613 1202 722; baseline 0.007 -22"><span class='ocrx_word' id='word_1_2' title='bbox 147 640 210 721; x_wconf 75' lang='lat' dir='ltr'><strong>§a</strong></span> <span class='ocrx_word' id='word_1_3' title='bbox 255 636 335 711; x_wconf 78' lang='grc' dir='ltr'><em>οὗτος</em></span> <span class='ocrx_word' id='word_1_4' title='bbox 367 640 396 705; x_wconf 75' lang='grc' dir='ltr'><strong>δέ</strong></span> <span class='ocrx_word' id='word_1_5' title='bbox 423 646 531 721; x_wconf 80' lang='grc' dir='ltr'><em>πρῶτον</em></span> <span class='ocrx_word' id='word_1_6' title='bbox 560 641 613 717; x_wconf 80' lang='grc' dir='ltr'><strong>μέν</strong></span> <span class='ocrx_word' id='word_1_7' title='bbox 638 638 730 721; x_wconf 77' lang='grc' dir='ltr'><em>ἄρξας</em></span> <span class='ocrx_word' id='word_1_8' title='bbox 753 644 781 706; x_wconf 80' lang='grc' dir='ltr'><strong>ἐν</strong></span> <span class='ocrx_word' id='word_1_9' title='bbox 805 641 934 722; x_wconf 77' lang='grc' dir='ltr'><em>Ὠρωπῷ</em></span> <span class='ocrx_word' id='word_1_10' title='bbox 957 642 1023 707; x_wconf 83' lang='grc' dir='ltr'><em>οὔτε</em></span> <span class='ocrx_word' id='word_1_11' title='bbox 1046 613 1202 722; x_wconf 27' lang='grc' dir='ltr'><em>προῦδωκε,</em></span> 
     </span>
     <span class='ocr_line' id='line_1_3' title="bbox 109 746 1190 835; baseline 0.007 -27"><span class='ocrx_word' id='word_1_12' title='bbox 109 746 151 809; x_wconf 82' lang='grc' dir='ltr'><strong>καί</strong></span> <span class='ocrx_word' id='word_1_13' title='bbox 173 748 266 825; x_wconf 82' lang='grc' dir='ltr'><em>ἑτέραν</em></span> <span class='ocrx_word' id='word_1_14' title='bbox 290 753 440 815; x_wconf 74' lang='grc' dir='ltr'><em>πολιτείαν</em></span> <span class='ocrx_word' id='word_1_15' title='bbox 463 752 646 829; x_wconf 78' lang='grc' dir='ltr'><em>κατέστησε,</em></span> <span class='ocrx_word' id='word_1_16' title='bbox 667 773 722 835; x_wconf 88' lang='lat' dir='ltr'><strong>pro</strong></span> <span class='ocrx_word' id='word_1_17' title='bbox 746 752 802 816; x_wconf 71' lang='lat' dir='ltr'><strong>aaa*</strong></span> <span class='ocrx_word' id='word_1_18' title='bbox 825 753 923 832; x_wconf 81' lang='grc' dir='ltr'><em>ἑτέραν</em></span> <span class='ocrx_word' id='word_1_19' title='bbox 946 769 1044 819; x_wconf 73' lang='grc' dir='ltr'><em>πολιτ.</em></span> <span class='ocrx_word' id='word_1_20' title='bbox 1084 752 1117 815; x_wconf 78' lang='lat' dir='ltr'><strong>Si</strong></span> <span class='ocrx_word' id='word_1_21' title='bbox 1140 752 1190 816; x_wconf 87' lang='lat' dir='ltr'><strong>vel</strong></span> 
     </span>
     <span class='ocr_line' id='line_1_4' title="bbox 109 857 1191 945; baseline 0.006 -27"><span class='ocrx_word' id='word_1_22' title='bbox 109 857 226 920; x_wconf 80' lang='lat' dir='ltr'><strong>maxime</strong></span> <span class='ocrx_word' id='word_1_23' title='bbox 255 860 306 924; x_wconf 89' lang='grc' dir='ltr'><strong>καί</strong></span> <span class='ocrx_word' id='word_1_24' title='bbox 335 868 406 944; x_wconf 86' lang='lat' dir='ltr'><strong>post</strong></span> <span class='ocrx_word' id='word_1_25' title='bbox 436 860 503 925; x_wconf 83' lang='grc' dir='ltr'><em>οὔτε</em></span> <span class='ocrx_word' id='word_1_26' title='bbox 535 861 623 944; x_wconf 87' lang='lat' dir='ltr'><strong>sequi</strong></span> <span class='ocrx_word' id='word_1_27' title='bbox 653 868 756 945; x_wconf 90' lang='lat' dir='ltr'><strong>posset</strong></span> <span class='ocrx_word' id='word_1_28' title='bbox 787 860 882 945; x_wconf 79' lang='lat' dir='ltr'><strong>(qnod</strong></span> <span class='ocrx_word' id='word_1_29' title='bbox 913 865 1005 945; x_wconf 82' lang='lat' dir='ltr'><strong>nego)</strong></span> <span class='ocrx_word' id='word_1_30' title='bbox 1039 863 1191 927; x_wconf 90' lang='lat' dir='ltr'><strong>sententia</strong></span> 
     </span>
     <span class='ocr_line' id='line_1_5' title="bbox 107 969 1191 1055; baseline 0.008 -28"><span class='ocrx_word' id='word_1_31' title='bbox 107 971 197 1030; x_wconf 89' lang='lat' dir='ltr'><strong>tamen</strong></span> <span class='ocrx_word' id='word_1_32' title='bbox 213 976 307 1031; x_wconf 89' lang='lat' dir='ltr'><strong>esset:</strong></span> <span class='ocrx_word' id='word_1_33' title='bbox 325 991 439 1052; x_wconf 80' lang='lat' dir='ltr'><strong>„neque</strong></span> <span class='ocrx_word' id='word_1_34' title='bbox 455 969 592 1053; x_wconf 84' lang='lat' dir='ltr'>prodidit</span> <span class='ocrx_word' id='word_1_35' title='bbox 607 977 635 1034; x_wconf 85' lang='lat' dir='ltr'><strong>et</strong></span> <span class='ocrx_word' id='word_1_36' title='bbox 651 991 762 1033; x_wconf 92' lang='lat' dir='ltr'><strong>novam</strong></span> <span class='ocrx_word' id='word_1_37' title='bbox 777 970 915 1033; x_wconf 82' lang='lat' dir='ltr'><strong>instituit</strong></span> <span class='ocrx_word' id='word_1_38' title='bbox 930 970 1151 1055; x_wconf 83' lang='lat' dir='ltr'><strong>rempublicam</strong></span> <span class='ocrx_word' id='word_1_39' title='bbox 1159 971 1191 1049; x_wconf 88' lang='lat'><strong>‚&#39;&#39;</strong></span> 
     </span>
    </p>

    <p class='ocr_par' dir='ltr' id='par_1_3' title="bbox 16 1077 1189 1383">
     <span class='ocr_line' id='line_1_6' title="bbox 108 1077 1064 1156; baseline 0.008 -20"><span class='ocrx_word' id='word_1_40' title='bbox 108 1096 176 1156; x_wconf 90' lang='lat' dir='ltr'><strong>quae</strong></span> <span class='ocrx_word' id='word_1_41' title='bbox 197 1099 215 1138; x_wconf 91' lang='lat' dir='ltr'><strong>a</strong></span> <span class='ocrx_word' id='word_1_42' title='bbox 237 1077 304 1140; x_wconf 89' lang='lat' dir='ltr'><strong>loeo</strong></span> <span class='ocrx_word' id='word_1_43' title='bbox 329 1078 429 1142; x_wconf 90' lang='lat' dir='ltr'><strong>aliena</strong></span> <span class='ocrx_word' id='word_1_44' title='bbox 452 1087 540 1143; x_wconf 83' lang='lat' dir='ltr'><strong>esset.</strong></span> <span class='ocrx_word' id='word_1_45' title='bbox 588 1079 635 1143; x_wconf 90' lang='lat' dir='ltr'><strong>De</strong></span> <span class='ocrx_word' id='word_1_46' title='bbox 659 1102 691 1143; x_wconf 87' lang='lat' dir='ltr'><strong>re</strong></span> <span class='ocrx_word' id='word_1_47' title='bbox 715 1080 753 1143; x_wconf 82' lang='lat' dir='ltr'><strong>ef.</strong></span> <span class='ocrx_word' id='word_1_48' title='bbox 778 1078 876 1143; x_wconf 80' lang='lat' dir='ltr'><strong>Thoe.</strong></span> <span class='ocrx_word' id='word_1_49' title='bbox 893 1078 986 1143; x_wconf 85' lang='lat' dir='ltr'>VIII.</span> <span class='ocrx_word' id='word_1_50' title='bbox 1012 1083 1064 1144; x_wconf 86' lang='grc'><strong>60.</strong></span> 
     </span>
     <span class='ocr_line' id='line_1_7' title="bbox 16 1178 1189 1274; baseline 0.008 -27"><span class='ocrx_word' id='word_1_51' title='bbox 16 1178 17 1195; x_wconf 63' lang='lat'><em>³</em></span> <span class='ocrx_word' id='word_1_52' title='bbox 144 1186 167 1248; x_wconf 83' lang='grc' dir='ltr'><strong>οἱ</strong></span> <span class='ocrx_word' id='word_1_53' title='bbox 194 1187 219 1249; x_wconf 76' lang='grc' dir='ltr'><strong>δ’</strong></span> <span class='ocrx_word' id='word_1_54' title='bbox 237 1191 295 1268; x_wconf 82' lang='grc' dir='ltr'><strong>οὐχ</strong></span> <span class='ocrx_word' id='word_1_55' title='bbox 323 1190 479 1266; x_wconf 82' lang='grc' dir='ltr'><em>ὑπέμειναν</em></span> <span class='ocrx_word' id='word_1_56' title='bbox 503 1212 558 1274; x_wconf 88' lang='lat' dir='ltr'><strong>pro</strong></span> <span class='ocrx_word' id='word_1_57' title='bbox 583 1189 672 1266; x_wconf 85' lang='grc' dir='ltr'><em>ὑπέμ.</em></span> <span class='ocrx_word' id='word_1_58' title='bbox 696 1193 749 1265; x_wconf 77' lang='grc' dir='ltr'><strong>την</strong></span> <span class='ocrx_word' id='word_1_59' title='bbox 773 1191 870 1269; x_wconf 86' lang='grc' dir='ltr'><em>κρίσιν.</em></span> <span class='ocrx_word' id='word_1_60' title='bbox 919 1192 1104 1256; x_wconf 83' lang='lat' dir='ltr'><strong>Accusativo</strong></span> <span class='ocrx_word' id='word_1_61' title='bbox 1127 1215 1189 1256; x_wconf 91' lang='lat' dir='ltr'><strong>non</strong></span> 
     </span>
     <span class='ocr_line' id='line_1_8' title="bbox 106 1291 579 1383; baseline 0.017 -29"><span class='ocrx_word' id='word_1_62' title='bbox 106 1291 200 1358; x_wconf 88' lang='lat' dir='ltr'><strong>addito</strong></span> <span class='ocrx_word' id='word_1_63' title='bbox 223 1297 310 1361; x_wconf 89' lang='lat' dir='ltr'><strong>loeus</strong></span> <span class='ocrx_word' id='word_1_64' title='bbox 334 1299 499 1383; x_wconf 81' lang='lat' dir='ltr'><strong>ambiguus</strong></span> <span class='ocrx_word' id='word_1_65' title='bbox 524 1307 579 1363; x_wconf 87' lang='lat' dir='ltr'><strong>est.</strong></span> 
     </span>
    </p>

    <p class='ocr_par' dir='ltr' id='par_1_4' title="bbox 16 1406 1194 2045">
     <span class='ocr_line' id='line_1_9' title="bbox 144 1406 1191 1495; baseline 0.006 -27"><span class='ocrx_word' id='word_1_66' title='bbox 144 1406 157 1469; x_wconf 85' lang='grc' dir='ltr'><em>ό</em></span> <span class='ocrx_word' id='word_1_67' title='bbox 178 1406 201 1468; x_wconf 65' lang='grc' dir='ltr'><strong>θ’</strong></span> <span class='ocrx_word' id='word_1_68' title='bbox 223 1409 381 1485; x_wconf 74' lang='grc' dir='ltr'><em>ἡγούμενος</em></span> <span class='ocrx_word' id='word_1_69' title='bbox 403 1410 491 1486; x_wconf 79' lang='grc' dir='ltr'><em>μηδὲν</em></span> <span class='ocrx_word' id='word_1_70' title='bbox 514 1411 674 1485; x_wconf 68' lang='grc' dir='ltr'><strong>ἠδικηκέναι</strong></span> <span class='ocrx_word' id='word_1_71' title='bbox 699 1410 795 1485; x_wconf 79' lang='grc' dir='ltr'><em>δίκην</em></span> <span class='ocrx_word' id='word_1_72' title='bbox 817 1410 946 1475; x_wconf 75' lang='grc' dir='ltr'><em>δίδωσι.</em></span> <span class='ocrx_word' id='word_1_73' title='bbox 983 1410 1030 1473; x_wconf 82' lang='lat' dir='ltr'><strong>Ex</strong></span> <span class='ocrx_word' id='word_1_74' title='bbox 1047 1412 1191 1495; x_wconf 90' lang='lat' dir='ltr'><strong>opposito</strong></span> 
     </span>
     <span class='ocr_line' id='line_1_10' title="bbox 105 1518 1192 1606; baseline 0.011 -33"><span class='ocrx_word' id='word_1_75' title='bbox 105 1524 220 1597; x_wconf 82' lang='lat' dir='ltr'><strong>apparet</strong></span> <span class='ocrx_word' id='word_1_76' title='bbox 243 1518 308 1595; x_wconf 87' lang='lat' dir='ltr'><strong>hio,</strong></span> <span class='ocrx_word' id='word_1_77' title='bbox 334 1519 591 1603; x_wconf 84' lang='lat' dir='ltr'><strong>quemadmodum</strong></span> <span class='ocrx_word' id='word_1_78' title='bbox 609 1522 626 1604; x_wconf 66' lang='lat' dir='ltr'><strong>q</strong></span> <span class='ocrx_word' id='word_1_79' title='bbox 643 1522 683 1582; x_wconf 74' lang='lat'><strong>22</strong></span> <span class='ocrx_word' id='word_1_80' title='bbox 693 1569 702 1598; x_wconf 88' lang='lat'>‚</span> <span class='ocrx_word' id='word_1_81' title='bbox 720 1520 797 1593; x_wconf 76' lang='grc' dir='ltr'><em>δίκην</em></span> <span class='ocrx_word' id='word_1_82' title='bbox 813 1520 838 1583; x_wconf 77' lang='grc' dir='ltr'><strong>δ.</strong></span> <span class='ocrx_word' id='word_1_83' title='bbox 856 1542 920 1585; x_wconf 86' lang='lat' dir='ltr'><strong>esse</strong></span> <span class='ocrx_word' id='word_1_84' title='bbox 936 1543 1060 1584; x_wconf 80' lang='lat' dir='ltr'><strong>oausam</strong></span> <span class='ocrx_word' id='word_1_85' title='bbox 1077 1525 1192 1606; x_wconf 77' lang='lat' dir='ltr'><strong>discep-</strong></span> 
     </span>
     <span class='ocr_line' id='line_1_11' title="bbox 16 1613 1192 1717; baseline 0.007 -33"><span class='ocrx_word' id='word_1_86' title='bbox 16 1714 17 1717; x_wconf 62' lang='lat'>,</span> <span class='ocrx_word' id='word_1_87' title='bbox 104 1626 215 1689; x_wconf 82' lang='grc' dir='ltr'><em>ίοιιιίονα</em></span> <span class='ocrx_word' id='word_1_88' title='bbox 234 1630 347 1693; x_wconf 70' lang='lat' dir='ltr'><strong>audiero</strong></span> <span class='ocrx_word' id='word_1_89' title='bbox 365 1613 551 1713; x_wconf 69' lang='lat' dir='ltr'><strong>permittere,</strong></span> <span class='ocrx_word' id='word_1_90' title='bbox 573 1629 655 1712; x_wconf 92' lang='lat' dir='ltr'><strong>qnod</strong></span> <span class='ocrx_word' id='word_1_91' title='bbox 674 1628 747 1693; x_wconf 92' lang='lat' dir='ltr'><strong>alibi</strong></span> <span class='ocrx_word' id='word_1_92' title='bbox 767 1637 814 1693; x_wconf 89' lang='lat' dir='ltr'><strong>est</strong></span> <span class='ocrx_word' id='word_1_93' title='bbox 829 1630 909 1701; x_wconf 76' lang='grc' dir='ltr'><em>δικας</em></span> <span class='ocrx_word' id='word_1_94' title='bbox 929 1631 953 1696; x_wconf 78' lang='grc' dir='ltr'><strong>δ.</strong></span> <span class='ocrx_word' id='word_1_95' title='bbox 986 1630 1032 1694; x_wconf 81' lang='lat' dir='ltr'><strong>Of.</strong></span> <span class='ocrx_word' id='word_1_96' title='bbox 1050 1630 1192 1694; x_wconf 87' lang='lat' dir='ltr'><strong>Bremius</strong></span> 
     </span>
     <span class='ocr_line' id='line_1_12' title="bbox 16 1735 1193 1827; baseline 0.004 -29"><span class='ocrx_word' id='word_1_97' title='bbox 16 1824 17 1827; x_wconf 7' lang='grc' dir='ltr'><strong>Ἴ</strong></span> <span class='ocrx_word' id='word_1_98' title='bbox 105 1735 138 1798; x_wconf 88' lang='lat' dir='ltr'><strong>ad</strong></span> <span class='ocrx_word' id='word_1_99' title='bbox 164 1738 275 1802; x_wconf 87' lang='lat' dir='ltr'><strong>Aesoh.</strong></span> <span class='ocrx_word' id='word_1_100' title='bbox 306 1738 373 1802; x_wconf 90' lang='lat' dir='ltr'><strong>adv.</strong></span> <span class='ocrx_word' id='word_1_101' title='bbox 405 1739 543 1824; x_wconf 85' lang='lat' dir='ltr'><strong>Ctesiph.</strong></span> <span class='ocrx_word' id='word_1_102' title='bbox 572 1742 644 1802; x_wconf 75' lang='lat'><strong>124.</strong></span> <span class='ocrx_word' id='word_1_103' title='bbox 691 1738 837 1802; x_wconf 81' lang='lat' dir='ltr'><strong>Fueritne</strong></span> <span class='ocrx_word' id='word_1_104' title='bbox 862 1738 1024 1803; x_wconf 86' lang='lat' dir='ltr'><strong>damnatus</strong></span> <span class='ocrx_word' id='word_1_105' title='bbox 1048 1762 1087 1803; x_wconf 90' lang='lat' dir='ltr'><strong>an</strong></span> <span class='ocrx_word' id='word_1_106' title='bbox 1108 1738 1193 1803; x_wconf 88' lang='lat' dir='ltr'><strong>abso·</strong></span> 
     </span>
     <span class='ocr_line' id='line_1_13' title="bbox 106 1848 1194 1935; baseline 0.004 -26"><span class='ocrx_word' id='word_1_107' title='bbox 106 1848 181 1911; x_wconf 85' lang='lat' dir='ltr'><strong>Intus</strong></span> <span class='ocrx_word' id='word_1_108' title='bbox 204 1872 267 1914; x_wconf 90' lang='lat' dir='ltr'><strong>non</strong></span> <span class='ocrx_word' id='word_1_109' title='bbox 291 1850 389 1934; x_wconf 86' lang='lat' dir='ltr'><strong>liquet</strong></span> <span class='ocrx_word' id='word_1_110' title='bbox 395 1877 405 1927; x_wconf 72' lang='grc' dir='ltr'><em>ς</em></span> <span class='ocrx_word' id='word_1_111' title='bbox 430 1850 483 1915; x_wconf 90' lang='lat' dir='ltr'><strong>sed</strong></span> <span class='ocrx_word' id='word_1_112' title='bbox 506 1851 593 1934; x_wconf 83' lang='lat' dir='ltr'><strong>prius</strong></span> <span class='ocrx_word' id='word_1_113' title='bbox 617 1856 653 1913; x_wconf 90' lang='lat' dir='ltr'><strong>ut</strong></span> <span class='ocrx_word' id='word_1_114' title='bbox 676 1848 835 1914; x_wconf 81' lang='lat' dir='ltr'><strong>credamus</strong></span> <span class='ocrx_word' id='word_1_115' title='bbox 859 1850 977 1913; x_wconf 79' lang='lat' dir='ltr'><strong>faciunt</strong></span> <span class='ocrx_word' id='word_1_116' title='bbox 1000 1851 1090 1914; x_wconf 86' lang='lat' dir='ltr'><strong>verba</strong></span> <span class='ocrx_word' id='word_1_117' title='bbox 1114 1873 1194 1935; x_wconf 91' lang='lat' dir='ltr'><strong>qnae</strong></span> 
     </span>
     <span class='ocr_line' id='line_1_14' title="bbox 106 1958 1057 2045; baseline 0.004 -26"><span class='ocrx_word' id='word_1_118' title='bbox 106 1967 287 2041; x_wconf 85' lang='lat' dir='ltr'><strong>sequuntur,</strong></span> <span class='ocrx_word' id='word_1_119' title='bbox 313 1961 425 2044; x_wconf 87' lang='lat' dir='ltr'><strong>quibus</strong></span> <span class='ocrx_word' id='word_1_120' title='bbox 450 1960 488 2024; x_wconf 89' lang='lat' dir='ltr'><strong>de</strong></span> <span class='ocrx_word' id='word_1_121' title='bbox 511 1960 677 2045; x_wconf 83' lang='lat' dir='ltr'><strong>iniquitate</strong></span> <span class='ocrx_word' id='word_1_122' title='bbox 701 1958 886 2023; x_wconf 81' lang='lat' dir='ltr'><strong>iudiciorum</strong></span> <span class='ocrx_word' id='word_1_123' title='bbox 909 1961 1057 2042; x_wconf 84' lang='lat' dir='ltr'><strong>queritur.</strong></span> 
     </span>
    </p>

    <p class='ocr_par' dir='ltr' id='par_1_5' title="bbox 98 2069 1193 3034">
     <span class='ocr_line' id='line_1_15' title="bbox 143 2069 1190 2150; baseline 0.005 -19"><span class='ocrx_word' id='word_1_124' title='bbox 143 2070 189 2132; x_wconf 84' lang='grc' dir='ltr'><strong>καί</strong></span> <span class='ocrx_word' id='word_1_125' title='bbox 220 2071 322 2148; x_wconf 80' lang='grc' dir='ltr'><em>ὁμοίας</em></span> <span class='ocrx_word' id='word_1_126' title='bbox 345 2073 402 2142; x_wconf 75' lang='grc' dir='ltr'><em>τοὶς</em></span> <span class='ocrx_word' id='word_1_127' title='bbox 425 2071 602 2149; x_wconf 72' lang='grc' dir='ltr'><em>κατηγορίας</em></span> <span class='ocrx_word' id='word_1_128' title='bbox 621 2076 767 2134; x_wconf 85' lang='grc' dir='ltr'><em>ποιοῦνται</em></span> <span class='ocrx_word' id='word_1_129' title='bbox 786 2075 843 2134; x_wconf 82' lang='grc' dir='ltr'><strong>τῶν</strong></span> <span class='ocrx_word' id='word_1_130' title='bbox 868 2073 897 2133; x_wconf 87' lang='grc' dir='ltr'><strong>τ’</strong></span> <span class='ocrx_word' id='word_1_131' title='bbox 919 2069 1053 2134; x_wconf 77' lang='grc' dir='ltr'><em>εἰπόντων</em></span> <span class='ocrx_word' id='word_1_132' title='bbox 1072 2073 1190 2150; x_wconf 70' lang='grc' dir='ltr'><em>γνώμην</em></span> 
     </span>
     <span class='ocr_line' id='line_1_16' title="bbox 102 2178 1192 2260; baseline 0.005 -20"><span class='ocrx_word' id='word_1_133' title='bbox 102 2179 176 2243; x_wconf 74' lang='grc' dir='ltr'><em>τινα</em></span> <span class='ocrx_word' id='word_1_134' title='bbox 198 2181 226 2243; x_wconf 87' lang='grc' dir='ltr'><strong>ἕν</strong></span> <span class='ocrx_word' id='word_1_135' title='bbox 250 2190 287 2260; x_wconf 71' lang='grc' dir='ltr'><strong>τῇ</strong></span> <span class='ocrx_word' id='word_1_136' title='bbox 310 2181 405 2260; x_wconf 74' lang='grc' dir='ltr'><em>βουλῇ</em></span> <span class='ocrx_word' id='word_1_137' title='bbox 429 2182 477 2244; x_wconf 81' lang='grc' dir='ltr'><strong>καί</strong></span> <span class='ocrx_word' id='word_1_138' title='bbox 501 2187 557 2244; x_wconf 81' lang='grc' dir='ltr'><strong>τῶν</strong></span> <span class='ocrx_word' id='word_1_139' title='bbox 580 2181 631 2257; x_wconf 76' lang='grc' dir='ltr'><strong>μή.</strong></span> <span class='ocrx_word' id='word_1_140' title='bbox 678 2178 888 2243; x_wconf 77' lang='lat' dir='ltr'><strong>Confirnditnr</strong></span> <span class='ocrx_word' id='word_1_141' title='bbox 918 2179 968 2242; x_wconf 89' lang='lat' dir='ltr'><strong>hie</strong></span> <span class='ocrx_word' id='word_1_142' title='bbox 991 2180 1122 2244; x_wconf 85' lang='lat' dir='ltr'><strong>alterum</strong></span> <span class='ocrx_word' id='word_1_143' title='bbox 1145 2183 1192 2245; x_wconf 92' lang='lat' dir='ltr'><strong>iu·</strong></span> 
     </span>
     <span class='ocr_line' id='line_1_17' title="bbox 102 2286 1190 2373; baseline 0.005 -24"><span class='ocrx_word' id='word_1_144' title='bbox 102 2286 228 2367; x_wconf 82' lang='lat' dir='ltr'><strong>dicium,</strong></span> <span class='ocrx_word' id='word_1_145' title='bbox 264 2288 347 2372; x_wconf 89' lang='lat' dir='ltr'><strong>qnod</strong></span> <span class='ocrx_word' id='word_1_146' title='bbox 378 2291 511 2373; x_wconf 83' lang='lat' dir='ltr'><strong>pertinet</strong></span> <span class='ocrx_word' id='word_1_147' title='bbox 533 2288 571 2351; x_wconf 94' lang='lat' dir='ltr'><strong>ad</strong></span> <span class='ocrx_word' id='word_1_148' title='bbox 594 2289 759 2373; x_wconf 90' lang='lat' dir='ltr'><strong>imperium</strong></span> <span class='ocrx_word' id='word_1_149' title='bbox 783 2287 1095 2372; x_wconf 82' lang='lat' dir='ltr'><strong>quadringentorum,</strong></span> <span class='ocrx_word' id='word_1_150' title='bbox 1121 2313 1190 2354; x_wconf 88' lang='lat' dir='ltr'><strong>oum</strong></span> 
     </span>
     <span class='ocr_line' id='line_1_18' title="bbox 102 2397 1188 2485; baseline 0.001 -23"><span class='ocrx_word' id='word_1_151' title='bbox 102 2400 193 2480; x_wconf 84' lang='lat' dir='ltr'><strong>primo</strong></span> <span class='ocrx_word' id='word_1_152' title='bbox 215 2400 255 2463; x_wconf 92' lang='lat' dir='ltr'><strong>de</strong></span> <span class='ocrx_word' id='word_1_153' title='bbox 272 2399 369 2485; x_wconf 85' lang='lat' dir='ltr'><strong>Oropi</strong></span> <span class='ocrx_word' id='word_1_154' title='bbox 385 2400 575 2484; x_wconf 86' lang='lat' dir='ltr'><strong>proditione,</strong></span> <span class='ocrx_word' id='word_1_155' title='bbox 598 2421 676 2484; x_wconf 89' lang='lat' dir='ltr'><strong>quae</strong></span> <span class='ocrx_word' id='word_1_156' title='bbox 693 2408 764 2463; x_wconf 88' lang='lat' dir='ltr'><strong>ante</strong></span> <span class='ocrx_word' id='word_1_157' title='bbox 780 2397 1021 2482; x_wconf 84' lang='lat' dir='ltr'><strong>quadringentos</strong></span> <span class='ocrx_word' id='word_1_158' title='bbox 1037 2399 1117 2463; x_wconf 84' lang='lat' dir='ltr'><strong>faeta</strong></span> <span class='ocrx_word' id='word_1_159' title='bbox 1133 2409 1188 2464; x_wconf 88' lang='lat' dir='ltr'><strong>est.</strong></span> 
     </span>
     <span class='ocr_line' id='line_1_19' title="bbox 101 2508 1191 2593; baseline 0.003 -23"><span class='ocrx_word' id='word_1_160' title='bbox 101 2508 171 2572; x_wconf 86' lang='grc' dir='ltr'><em>Τινοί</em></span> <span class='ocrx_word' id='word_1_161' title='bbox 200 2509 326 2574; x_wconf 87' lang='lat' dir='ltr'><strong>Dobreo</strong></span> <span class='ocrx_word' id='word_1_162' title='bbox 354 2510 415 2574; x_wconf 88' lang='lat' dir='ltr'><strong>iam</strong></span> <span class='ocrx_word' id='word_1_163' title='bbox 447 2515 626 2593; x_wconf 83' lang='lat' dir='ltr'><strong>suspectum</strong></span> <span class='ocrx_word' id='word_1_164' title='bbox 655 2509 732 2585; x_wconf 62' lang='lat' dir='ltr'><strong>suin</strong></span> <span class='ocrx_word' id='word_1_165' title='bbox 764 2508 894 2571; x_wconf 83' lang='lat' dir='ltr'><strong>coniecit</strong></span> <span class='ocrx_word' id='word_1_166' title='bbox 918 2509 1035 2585; x_wconf 69' lang='grc' dir='ltr'><em>γνώμην</em></span> <span class='ocrx_word' id='word_1_167' title='bbox 1058 2510 1124 2573; x_wconf 72' lang='grc' dir='ltr'><em>τινα</em></span> <span class='ocrx_word' id='word_1_168' title='bbox 1149 2512 1191 2585; x_wconf 77' lang='grc' dir='ltr'><strong>μη</strong></span> 
     </span>
     <span class='ocr_line' id='line_1_20' title="bbox 100 2618 1187 2703; baseline 0.001 -21"><span class='ocrx_word' id='word_1_169' title='bbox 100 2621 271 2696; x_wconf 79' lang='grc' dir='ltr'><em>ἐπιτηδείαν.</em></span> <span class='ocrx_word' id='word_1_170' title='bbox 307 2618 429 2682; x_wconf 87' lang='lat' dir='ltr'><strong>Minore</strong></span> <span class='ocrx_word' id='word_1_171' title='bbox 453 2641 522 2682; x_wconf 91' lang='lat' dir='ltr'><strong>oum</strong></span> <span class='ocrx_word' id='word_1_172' title='bbox 546 2619 717 2683; x_wconf 86' lang='lat' dir='ltr'><strong>mutatione</strong></span> <span class='ocrx_word' id='word_1_173' title='bbox 732 2641 788 2703; x_wconf 88' lang='lat' dir='ltr'><strong>pro</strong></span> <span class='ocrx_word' id='word_1_174' title='bbox 803 2618 869 2683; x_wconf 89' lang='grc' dir='ltr'><em>τινοί</em></span> <span class='ocrx_word' id='word_1_175' title='bbox 885 2619 913 2682; x_wconf 84' lang='grc' dir='ltr'><strong>ἕν</strong></span> <span class='ocrx_word' id='word_1_176' title='bbox 929 2619 1027 2702; x_wconf 88' lang='lat' dir='ltr'><strong>possis</strong></span> <span class='ocrx_word' id='word_1_177' title='bbox 1044 2621 1187 2683; x_wconf 82' lang='grc' dir='ltr'><em>ἐναντίαν.</em></span> 
     </span>
     <span class='ocr_line' id='line_1_21' title="bbox 100 2729 1193 2816; baseline -0.001 -22"><span class='ocrx_word' id='word_1_178' title='bbox 100 2729 143 2794; x_wconf 81' lang='lat' dir='ltr'><strong>Of.</strong></span> <span class='ocrx_word' id='word_1_179' title='bbox 173 2731 258 2816; x_wconf 92' lang='lat' dir='ltr'><strong>quod</strong></span> <span class='ocrx_word' id='word_1_180' title='bbox 281 2730 375 2815; x_wconf 91' lang='lat' dir='ltr'><strong>paulo</strong></span> <span class='ocrx_word' id='word_1_181' title='bbox 397 2738 467 2814; x_wconf 85' lang='lat' dir='ltr'><strong>post</strong></span> <span class='ocrx_word' id='word_1_182' title='bbox 491 2732 630 2815; x_wconf 84' lang='lat' dir='ltr'><strong>sequitur</strong></span> <span class='ocrx_word' id='word_1_183' title='bbox 652 2738 707 2794; x_wconf 84' lang='grc' dir='ltr'><strong>τῶν</strong></span> <span class='ocrx_word' id='word_1_184' title='bbox 729 2731 789 2809; x_wconf 67' lang='lat' dir='ltr'><strong>yda</strong></span> <span class='ocrx_word' id='word_1_185' title='bbox 812 2729 957 2805; x_wconf 71' lang='grc' dir='ltr'><em>λεγόντων</em></span> <span class='ocrx_word' id='word_1_186' title='bbox 981 2730 1099 2793; x_wconf 82' lang='grc' dir='ltr'><em>ἐναντία</em></span> <span class='ocrx_word' id='word_1_187' title='bbox 1123 2729 1193 2793; x_wconf 85' lang='grc' dir='ltr'><em>ἐκεί-</em></span> 
     </span>
     <span class='ocr_line' id='line_1_22' title="bbox 98 2839 1189 2924; baseline -0.002 -21"><span class='ocrx_word' id='word_1_188' title='bbox 98 2864 157 2913; x_wconf 89' lang='grc' dir='ltr'><em>νοις.</em></span> <span class='ocrx_word' id='word_1_189' title='bbox 204 2841 266 2905; x_wconf 86' lang='lat' dir='ltr'><strong>Sed</strong></span> <span class='ocrx_word' id='word_1_190' title='bbox 298 2840 336 2904; x_wconf 88' lang='lat' dir='ltr'><strong>de</strong></span> <span class='ocrx_word' id='word_1_191' title='bbox 362 2841 400 2904; x_wconf 88' lang='lat' dir='ltr'><strong>iis</strong></span> <span class='ocrx_word' id='word_1_192' title='bbox 425 2863 503 2924; x_wconf 89' lang='lat' dir='ltr'><strong>quae</strong></span> <span class='ocrx_word' id='word_1_193' title='bbox 526 2841 682 2924; x_wconf 89' lang='lat' dir='ltr'><strong>pertinent</strong></span> <span class='ocrx_word' id='word_1_194' title='bbox 706 2840 741 2903; x_wconf 88' lang='lat' dir='ltr'><strong>ad</strong></span> <span class='ocrx_word' id='word_1_195' title='bbox 768 2862 893 2917; x_wconf 85' lang='lat' dir='ltr'><strong>causas,</strong></span> <span class='ocrx_word' id='word_1_196' title='bbox 918 2840 1031 2923; x_wconf 88' lang='lat' dir='ltr'><strong>quibus</strong></span> <span class='ocrx_word' id='word_1_197' title='bbox 1055 2839 1189 2922; x_wconf 79' lang='lat' dir='ltr'><strong>implica·</strong></span> 
     </span>
     <span class='ocr_line' id='line_1_23' title="bbox 99 2949 838 3034; baseline 0 -23"><span class='ocrx_word' id='word_1_198' title='bbox 99 2956 146 3013; x_wconf 90' lang='lat' dir='ltr'><strong>tus</strong></span> <span class='ocrx_word' id='word_1_199' title='bbox 169 2952 231 3014; x_wconf 87' lang='lat' dir='ltr'><strong>fuit</strong></span> <span class='ocrx_word' id='word_1_200' title='bbox 255 2950 467 3033; x_wconf 85' lang='lat' dir='ltr'><strong>Polystratus,</strong></span> <span class='ocrx_word' id='word_1_201' title='bbox 492 2949 586 3034; x_wconf 91' lang='lat' dir='ltr'><strong>paulo</strong></span> <span class='ocrx_word' id='word_1_202' title='bbox 609 2956 680 3032; x_wconf 90' lang='lat' dir='ltr'><strong>post</strong></span> <span class='ocrx_word' id='word_1_203' title='bbox 703 2971 838 3032; x_wconf 85' lang='lat' dir='ltr'><strong>agemus.</strong></span> 
     </span>
    </p>

    <p class='ocr_par' dir='ltr' id='par_1_6' title="bbox 99 3057 1246 3345">
     <span class='ocr_line' id='line_1_24' title="bbox 140 3057 1190 3145; baseline -0.003 -21"><span class='ocrx_word' id='word_1_204' title='bbox 140 3063 156 3145; x_wconf 61' lang='lat' dir='ltr'><strong>d</strong></span> <span class='ocrx_word' id='word_1_205' title='bbox 180 3064 210 3125; x_wconf 82' lang='lat'><strong>8.</strong></span> <span class='ocrx_word' id='word_1_206' title='bbox 258 3061 292 3124; x_wconf 81' lang='grc' dir='ltr'><strong>τὸ</strong></span> <span class='ocrx_word' id='word_1_207' title='bbox 316 3058 375 3131; x_wconf 81' lang='grc' dir='ltr'><em>δέος</em></span> <span class='ocrx_word' id='word_1_208' title='bbox 398 3058 447 3123; x_wconf 82' lang='grc' dir='ltr'><strong>καί</strong></span> <span class='ocrx_word' id='word_1_209' title='bbox 461 3057 485 3122; x_wconf 71' lang='grc' dir='ltr'><strong>’ό</strong></span> <span class='ocrx_word' id='word_1_210' title='bbox 508 3058 608 3138; x_wconf 79' lang='grc' dir='ltr'><em>φόβος</em></span> <span class='ocrx_word' id='word_1_211' title='bbox 625 3064 681 3124; x_wconf 81' lang='grc' dir='ltr'><strong>τῶν</strong></span> <span class='ocrx_word' id='word_1_212' title='bbox 705 3058 883 3123; x_wconf 76' lang='grc' dir='ltr'><em>πεπονθότων</em></span> <span class='ocrx_word' id='word_1_213' title='bbox 898 3059 1047 3137; x_wconf 81' lang='grc' dir='ltr'><em>οίπέτρεπε</em></span> <span class='ocrx_word' id='word_1_214' title='bbox 1064 3058 1190 3130; x_wconf 86' lang='grc' dir='ltr'><em>ποίντας.</em></span> 
     </span>
     <span class='ocr_line' id='line_1_25' title="bbox 99 3165 1246 3255; baseline -0.003 -22"><span class='ocrx_word' id='word_1_215' title='bbox 99 3170 178 3235; x_wconf 86' lang='lat' dir='ltr'><strong>Male</strong></span> <span class='ocrx_word' id='word_1_216' title='bbox 202 3172 246 3234; x_wconf 88' lang='lat' dir='ltr'><strong>sio</strong></span> <span class='ocrx_word' id='word_1_217' title='bbox 270 3192 326 3255; x_wconf 84' lang='lat' dir='ltr'><strong>pro</strong></span> <span class='ocrx_word' id='word_1_218' title='bbox 349 3171 363 3234; x_wconf 85' lang='grc' dir='ltr'><em>ό</em></span> <span class='ocrx_word' id='word_1_219' title='bbox 387 3169 481 3251; x_wconf 80' lang='grc' dir='ltr'><em>Φόβος</em></span> <span class='ocrx_word' id='word_1_220' title='bbox 505 3165 540 3233; x_wconf 82' lang='grc' dir='ltr'><strong>ὦν</strong></span> <span class='ocrx_word' id='word_1_221' title='bbox 563 3171 587 3233; x_wconf 87' lang='grc' dir='ltr'><strong>οί</strong></span> <span class='ocrx_word' id='word_1_222' title='bbox 611 3170 698 3233; x_wconf 75' lang='grc' dir='ltr'><em>ἄλλοι</em></span> <span class='ocrx_word' id='word_1_223' title='bbox 722 3168 894 3241; x_wconf 75' lang='grc' dir='ltr'><em>πεπονθότος</em></span> <span class='ocrx_word' id='word_1_224' title='bbox 917 3166 999 3245; x_wconf 78' lang='grc' dir='ltr'><em>ἦσαν.</em></span> <span class='ocrx_word' id='word_1_225' title='bbox 1038 3167 1131 3246; x_wconf 77' lang='lat' dir='ltr'><strong>Quod</strong></span> <span class='ocrx_word' id='word_1_226' title='bbox 1148 3190 1194 3230; x_wconf 86' lang='lat' dir='ltr'><strong>ve·</strong></span> <span class='ocrx_word' id='word_1_227' title='bbox 1241 3176 1246 3187; x_wconf 91' lang='lat'>&#39;</span> 
     </span>
     <span class='ocr_line' id='line_1_26' title="bbox 99 3278 725 3345; baseline 0 -3"><span class='ocrx_word' id='word_1_228' title='bbox 99 3302 163 3344; x_wconf 85' lang='lat' dir='ltr'><strong>reor</strong></span> <span class='ocrx_word' id='word_1_229' title='bbox 185 3304 225 3345; x_wconf 93' lang='lat' dir='ltr'><strong>ne</strong></span> <span class='ocrx_word' id='word_1_230' title='bbox 249 3282 363 3344; x_wconf 84' lang='lat' dir='ltr'><strong>frustra</strong></span> <span class='ocrx_word' id='word_1_231' title='bbox 386 3278 546 3342; x_wconf 88' lang='lat' dir='ltr'><strong>emendare</strong></span> <span class='ocrx_word' id='word_1_232' title='bbox 570 3301 725 3343; x_wconf 83' lang='lat' dir='ltr'><strong>conemur.</strong></span> 
     </span>
    </p>

    <p class='ocr_par' dir='ltr' id='par_1_7' title="bbox 99 3386 1195 3691">
     <span class='ocr_line' id='line_1_27' title="bbox 141 3386 1195 3474; baseline -0.006 -19"><span class='ocrx_word' id='word_1_233' title='bbox 141 3393 211 3474; x_wconf 65' lang='lat' dir='ltr'><strong>qt).</strong></span> <span class='ocrx_word' id='word_1_234' title='bbox 259 3390 376 3460; x_wconf 80' lang='grc' dir='ltr'><em>τούτους</em></span> <span class='ocrx_word' id='word_1_235' title='bbox 405 3386 448 3452; x_wconf 87' lang='grc' dir='ltr'><strong>ίιν</strong></span> <span class='ocrx_word' id='word_1_236' title='bbox 477 3388 715 3454; x_wconf 86' lang='grc' dir='ltr'><em>καόίοταντο.</em></span> <span class='ocrx_word' id='word_1_237' title='bbox 761 3387 847 3451; x_wconf 87' lang='lat' dir='ltr'><strong>Dure</strong></span> <span class='ocrx_word' id='word_1_238' title='bbox 871 3387 987 3451; x_wconf 87' lang='lat' dir='ltr'><strong>dietum</strong></span> <span class='ocrx_word' id='word_1_239' title='bbox 1011 3410 1067 3472; x_wconf 89' lang='lat' dir='ltr'><strong>pro</strong></span> <span class='ocrx_word' id='word_1_240' title='bbox 1090 3386 1195 3467; x_wconf 82' lang='grc' dir='ltr'><em>οίρχον-</em></span> 
     </span>
     <span class='ocr_line' id='line_1_28' title="bbox 99 3495 1193 3581; baseline -0.004 -18"><span class='ocrx_word' id='word_1_241' title='bbox 99 3524 151 3572; x_wconf 85' lang='grc' dir='ltr'><strong>τας</strong></span> <span class='ocrx_word' id='word_1_242' title='bbox 174 3501 360 3565; x_wconf 83' lang='grc' dir='ltr'><em>κοιόίττοιντο.</em></span> <span class='ocrx_word' id='word_1_243' title='bbox 409 3495 469 3560; x_wconf 84' lang='lat' dir='ltr'><strong>Sed</strong></span> <span class='ocrx_word' id='word_1_244' title='bbox 495 3497 623 3560; x_wconf 84' lang='lat' dir='ltr'><strong>fortasse</strong></span> <span class='ocrx_word' id='word_1_245' title='bbox 646 3496 812 3581; x_wconf 82' lang='lat' dir='ltr'><strong>legendum</strong></span> <span class='ocrx_word' id='word_1_246' title='bbox 834 3497 1093 3578; x_wconf 82' lang='grc' dir='ltr'><em>οίντικοοόίοταντο,</em></span> <span class='ocrx_word' id='word_1_247' title='bbox 1118 3498 1193 3562; x_wconf 88' lang='lat' dir='ltr'><strong>uim.</strong></span> 
     </span>
     <span class='ocr_line' id='line_1_29' title="bbox 100 3606 960 3691; baseline -0.002 -20"><span class='ocrx_word' id='word_1_248' title='bbox 100 3610 130 3672; x_wconf 90' lang='lat' dir='ltr'><strong>in</strong></span> <span class='ocrx_word' id='word_1_249' title='bbox 152 3611 236 3674; x_wconf 90' lang='lat' dir='ltr'><strong>loeos</strong></span> <span class='ocrx_word' id='word_1_250' title='bbox 258 3608 492 3673; x_wconf 83' lang='lat' dir='ltr'><strong>interfectorum</strong></span> <span class='ocrx_word' id='word_1_251' title='bbox 516 3606 553 3670; x_wconf 91' lang='lat' dir='ltr'><strong>de</strong></span> <span class='ocrx_word' id='word_1_252' title='bbox 577 3608 690 3690; x_wconf 88' lang='lat' dir='ltr'><strong>quibus</strong></span> <span class='ocrx_word' id='word_1_253' title='bbox 714 3629 808 3691; x_wconf 83' lang='lat' dir='ltr'><strong>supra</strong></span> <span class='ocrx_word' id='word_1_254' title='bbox 832 3606 960 3669; x_wconf 85' lang='lat' dir='ltr'><strong>dixerat.</strong></span> 
     </span>
    </p>

    <p class='ocr_par' dir='ltr' id='par_1_8' title="bbox 101 3713 1196 4239">
     <span class='ocr_line' id='line_1_30' title="bbox 143 3713 1195 3806; baseline -0.005 -21"><span class='ocrx_word' id='word_1_255' title='bbox 143 3723 159 3806; x_wconf 66' lang='lat' dir='ltr'><strong>d</strong></span> <span class='ocrx_word' id='word_1_256' title='bbox 185 3725 237 3785; x_wconf 87' lang='lat'><strong>10.</strong></span> <span class='ocrx_word' id='word_1_257' title='bbox 285 3719 333 3784; x_wconf 82' lang='grc' dir='ltr'><strong>καί</strong></span> <span class='ocrx_word' id='word_1_258' title='bbox 366 3719 394 3780; x_wconf 82' lang='grc' dir='ltr'><strong>ἐν</strong></span> <span class='ocrx_word' id='word_1_259' title='bbox 425 3717 478 3793; x_wconf 81' lang='grc' dir='ltr'><strong>μὲν</strong></span> <span class='ocrx_word' id='word_1_260' title='bbox 509 3717 709 3794; x_wconf 74' lang='grc' dir='ltr'><em>ἑβδομήκοντα</em></span> <span class='ocrx_word' id='word_1_261' title='bbox 740 3717 831 3782; x_wconf 78' lang='grc' dir='ltr'><em>ἔτεσιν</em></span> <span class='ocrx_word' id='word_1_262' title='bbox 862 3716 939 3781; x_wconf 75' lang='grc' dir='ltr'><em>οὐδὲν</em></span> <span class='ocrx_word' id='word_1_263' title='bbox 967 3713 1128 3795; x_wconf 73' lang='grc' dir='ltr'><em>ἐξήμαρτεν</em></span> <span class='ocrx_word' id='word_1_264' title='bbox 1155 3717 1195 3786; x_wconf 83' lang='grc' dir='ltr'><strong>είς</strong></span> 
     </span>
     <span class='ocr_line' id='line_1_31' title="bbox 102 3824 1195 3911; baseline -0.005 -19"><span class='ocrx_word' id='word_1_265' title='bbox 102 3830 191 3908; x_wconf 71' lang='grc' dir='ltr'><em>ὑμᾶς,</em></span> <span class='ocrx_word' id='word_1_266' title='bbox 225 3833 255 3895; x_wconf 87' lang='grc' dir='ltr'><strong>ἐν</strong></span> <span class='ocrx_word' id='word_1_267' title='bbox 286 3829 359 3893; x_wconf 73' lang='lat' dir='ltr'><strong>dard</strong></span> <span class='ocrx_word' id='word_1_268' title='bbox 389 3826 413 3888; x_wconf 75' lang='grc' dir='ltr'><strong>δ’</strong></span> <span class='ocrx_word' id='word_1_269' title='bbox 444 3827 575 3905; x_wconf 73' lang='grc' dir='ltr'><em>ἡμέραις.</em></span> <span class='ocrx_word' id='word_1_270' title='bbox 622 3825 756 3910; x_wconf 78' lang='lat' dir='ltr'><strong>Quoquo</strong></span> <span class='ocrx_word' id='word_1_271' title='bbox 787 3833 818 3889; x_wconf 89' lang='lat' dir='ltr'><strong>te</strong></span> <span class='ocrx_word' id='word_1_272' title='bbox 847 3824 1078 3911; x_wconf 79' lang='lat' dir='ltr'><strong>interpretando</strong></span> <span class='ocrx_word' id='word_1_273' title='bbox 1102 3826 1195 3889; x_wconf 85' lang='lat' dir='ltr'><strong>vertis</strong></span> 
     </span>
     <span class='ocr_line' id='line_1_32' title="bbox 101 3934 1195 4025; baseline -0.004 -23"><span class='ocrx_word' id='word_1_274' title='bbox 101 3947 205 4025; x_wconf 84' lang='lat' dir='ltr'><strong>arguta</strong></span> <span class='ocrx_word' id='word_1_275' title='bbox 229 3946 277 4003; x_wconf 87' lang='lat' dir='ltr'><strong>est</strong></span> <span class='ocrx_word' id='word_1_276' title='bbox 299 3934 471 4021; x_wconf 88' lang='lat' dir='ltr'><strong>oppositio;</strong></span> <span class='ocrx_word' id='word_1_277' title='bbox 497 3956 575 4019; x_wconf 88' lang='lat' dir='ltr'><strong>quae</strong></span> <span class='ocrx_word' id='word_1_278' title='bbox 599 3943 701 4000; x_wconf 89' lang='lat' dir='ltr'><strong>tamen</strong></span> <span class='ocrx_word' id='word_1_279' title='bbox 725 3936 817 3999; x_wconf 88' lang='lat' dir='ltr'><strong>etiam</strong></span> <span class='ocrx_word' id='word_1_280' title='bbox 840 3935 942 3998; x_wconf 91' lang='lat' dir='ltr'><strong>minus</strong></span> <span class='ocrx_word' id='word_1_281' title='bbox 966 3934 1067 4019; x_wconf 82' lang='lat' dir='ltr'><strong>placet</strong></span> <span class='ocrx_word' id='word_1_282' title='bbox 1091 3934 1195 4018; x_wconf 88' lang='lat' dir='ltr'><strong>siper</strong></span> 
     </span>
     <span class='ocr_line' id='line_1_33' title="bbox 101 4044 1193 4136; baseline -0.008 -21"><span class='ocrx_word' id='word_1_283' title='bbox 101 4049 370 4136; x_wconf 82' lang='lat' dir='ltr'><strong>interrogationem</strong></span> <span class='ocrx_word' id='word_1_284' title='bbox 393 4046 543 4130; x_wconf 84' lang='lat' dir='ltr'><strong>accipias3</strong></span> <span class='ocrx_word' id='word_1_285' title='bbox 571 4046 615 4108; x_wconf 87' lang='lat' dir='ltr'><strong>sio</strong></span> <span class='ocrx_word' id='word_1_286' title='bbox 638 4046 718 4109; x_wconf 86' lang='lat' dir='ltr'><strong>enim</strong></span> <span class='ocrx_word' id='word_1_287' title='bbox 742 4046 817 4108; x_wconf 84' lang='lat' dir='ltr'><strong>haee</strong></span> <span class='ocrx_word' id='word_1_288' title='bbox 840 4045 946 4129; x_wconf 87' lang='lat' dir='ltr'><strong>inepta</strong></span> <span class='ocrx_word' id='word_1_289' title='bbox 969 4044 1122 4108; x_wconf 89' lang='lat' dir='ltr'><strong>sententia</strong></span> <span class='ocrx_word' id='word_1_290' title='bbox 1144 4066 1193 4107; x_wconf 79' lang='lat' dir='ltr'><strong>ex-</strong></span> 
     </span>
     <span class='ocr_line' id='line_1_34' title="bbox 103 4155 1196 4239; baseline -0.005 -18"><span class='ocrx_word' id='word_1_291' title='bbox 103 4161 237 4225; x_wconf 83' lang='lat' dir='ltr'><strong>sisteret:</strong></span> <span class='ocrx_word' id='word_1_292' title='bbox 263 4157 385 4222; x_wconf 86' lang='lat' dir='ltr'><strong>credine</strong></span> <span class='ocrx_word' id='word_1_293' title='bbox 409 4161 512 4239; x_wconf 88' lang='lat' dir='ltr'><strong>potest</strong></span> <span class='ocrx_word' id='word_1_294' title='bbox 535 4176 720 4238; x_wconf 88' lang='lat' dir='ltr'><strong>quemquam</strong></span> <span class='ocrx_word' id='word_1_295' title='bbox 736 4176 790 4238; x_wconf 81' lang='lat' dir='ltr'><strong>per</strong></span> <span class='ocrx_word' id='word_1_296' title='bbox 806 4155 1002 4239; x_wconf 81' lang='lat' dir='ltr'><strong>septuaginta</strong></span> <span class='ocrx_word' id='word_1_297' title='bbox 1022 4174 1117 4217; x_wconf 87' lang='lat' dir='ltr'><strong>annos</strong></span> <span class='ocrx_word' id='word_1_298' title='bbox 1133 4176 1196 4217; x_wconf 89' lang='lat' dir='ltr'><strong>non</strong></span> 
     </span>
    </p>
   </div>
   <div class='ocr_carea' id='block_1_3' title="bbox 103 4262 1196 4355">
    <p class='ocr_par' dir='ltr' id='par_1_9' title="bbox 103 4262 1196 4355">
     <span class='ocr_line' id='line_1_35' title="bbox 103 4262 1196 4355; baseline -0.007 -22"><span class='ocrx_word' id='word_1_299' title='bbox 103 4269 282 4355; x_wconf 87' lang='lat' dir='ltr'><strong>deliquisse,</strong></span> <span class='ocrx_word' id='word_1_300' title='bbox 314 4267 367 4332; x_wconf 88' lang='lat' dir='ltr'><strong>sed</strong></span> <span class='ocrx_word' id='word_1_301' title='bbox 399 4274 470 4330; x_wconf 83' lang='lat' dir='ltr'><strong>octo</strong></span> <span class='ocrx_word' id='word_1_302' title='bbox 502 4262 633 4328; x_wconf 80' lang='lat' dir='ltr'><strong>diebus?</strong></span> <span class='ocrx_word' id='word_1_303' title='bbox 678 4262 835 4327; x_wconf 85' lang='lat' dir='ltr'><strong>Nimirum</strong></span> <span class='ocrx_word' id='word_1_304' title='bbox 869 4272 905 4328; x_wconf 90' lang='lat' dir='ltr'><strong>ut</strong></span> <span class='ocrx_word' id='word_1_305' title='bbox 936 4264 1007 4327; x_wconf 88' lang='lat' dir='ltr'><strong>novi</strong></span> <span class='ocrx_word' id='word_1_306' title='bbox 1036 4262 1196 4345; x_wconf 82' lang='lat' dir='ltr'><strong>regiminis</strong></span> 
     </span>
    </p>
   </div>
   <div class='ocr_carea' id='block_1_4' title="bbox 104 4372 1197 4543">
    <p class='ocr_par' dir='ltr' id='par_1_10' title="bbox 104 4372 1197 4543">
     <span class='ocr_line' id='line_1_36' title="bbox 104 4372 1197 4466; baseline -0.006 -24"><span class='ocrx_word' id='word_1_307' title='bbox 104 4380 294 4466; x_wconf 87' lang='lat' dir='ltr'><strong>aliquamdiu</strong></span> <span class='ocrx_word' id='word_1_308' title='bbox 318 4377 419 4441; x_wconf 86' lang='lat' dir='ltr'><strong>socius</strong></span> <span class='ocrx_word' id='word_1_309' title='bbox 443 4375 483 4437; x_wconf 89' lang='lat' dir='ltr'><strong>sit</strong></span> <span class='ocrx_word' id='word_1_310' title='bbox 506 4379 609 4458; x_wconf 85' lang='lat' dir='ltr'><strong>potest</strong></span> <span class='ocrx_word' id='word_1_311' title='bbox 632 4373 665 4436; x_wconf 91' lang='lat' dir='ltr'><strong>in</strong></span> <span class='ocrx_word' id='word_1_312' title='bbox 688 4373 854 4438; x_wconf 85' lang='lat' dir='ltr'><strong>maximum</strong></span> <span class='ocrx_word' id='word_1_313' title='bbox 879 4380 957 4437; x_wconf 88' lang='lat' dir='ltr'><strong>natu</strong></span> <span class='ocrx_word' id='word_1_314' title='bbox 980 4372 1104 4450; x_wconf 83' lang='lat' dir='ltr'><strong>eadero3</strong></span> <span class='ocrx_word' id='word_1_315' title='bbox 1124 4381 1154 4436; x_wconf 91' lang='lat' dir='ltr'><strong>et</strong></span> <span class='ocrx_word' id='word_1_316' title='bbox 1170 4374 1197 4435; x_wconf 88' lang='lat' dir='ltr'><strong>si</strong></span> 
     </span>
     <span class='ocr_line' id='line_1_37' title="bbox 1039 4490 1077 4543; baseline 0 0"><span class='ocrx_word' id='word_1_317' title='bbox 1039 4490 1077 4543; x_wconf 87' lang='grc'><strong>10</strong></span> 
     </span>
    </p>
   </div>
   <div class='ocr_carea' id='block_1_5' title="bbox 0 0 1484 5238">
    <p class='ocr_par' dir='ltr' id='par_1_11' title="bbox 0 0 1484 5238">
     <span class='ocr_line' id='line_1_38' title="bbox 0 0 1484 5238; baseline 0 1"><span class='ocrx_word' id='word_1_318' title='bbox 0 0 1484 5238; x_wconf 95' lang='lat' dir='ltr'><strong> </strong></span> 
     </span>
    </p>
   </div>
  </div>
 </body>
</html>
