2994 5234
612 396 675 459 217

108 589 231 654 deorum
263 590 379 674 aliquid
411 614 553 656 novaram
578 600 609 656 et
631 593 759 656 fortasse
783 592 821 655 de
845 592 1016 655 honoribus
1041 592 1189 654 maiorum

101 700 239 763 instituto
256 701 367 764 debitis
383 701 589 780 detraherem
606 726 688 767 nune
706 710 807 766 vetera
824 710 854 766 et
872 724 930 765 usu
947 702 1075 786 probate
1091 707 1189 764 tueor·

102 809 214 872 Acerba
245 811 319 874 haec
350 812 382 874 in
415 812 622 877 adversarium
651 813 761 875 coniici
786 811 882 875 videri
907 815 1049 893 possent,
1073 808 1098 870 si
1123 809 1189 892 ipse

103 916 141 981 N.
170 919 208 983 de
231 922 394 1002 ἀναγραφῇ
419 922 562 1000 tulisset,
588 922 641 986 sed
665 923 789 986 iduum
814 944 901 985 secus
925 920 980 997 sit,
1004 918 1082 982 nihil
1106 918 1191 982 adiu·

103 1037 172 1092 rant
195 1031 378 1095 sententiam
401 1032 493 1095 verba
515 1032 569 1096 illa
591 1034 654 1112 περὶ
678 1040 731 1106 τῆς
753 1034 943 1114 ἀναγραφῆς.
977 1028 1117 1093 ‘I'urbant
1139 1050 1191 1112 po-

103 1139 162 1202 tius
184 1141 374 1205 intellectum
399 1150 430 1207 et
454 1142 564 1206 melius
589 1142 739 1207 abessent.

143 1250 160 1332 p
184 1250 236 1312 le.
283 1248 358 1335 Leg.
383 1259 435 1325 της
461 1250 558 1332 τύχης
580 1254 612 1328 γ’
634 1249 728 1316 ἕνεκα.

143 1360 160 1441 ᾧ
187 1360 236 1421 12.
282 1357 404 1423 Iniuria
427 1367 604 1446 suspectum
627 1361 761 1445 Bergkio
781 1361 885 1426 ἔπειτα
903 1360 934 1423 in
950 1359 1016 1422 his:
1036 1356 1107 1433 ἀξιῶ
1120 1362 1191 1437 ποῶ-

102 1448 146 1529 πον
176 1466 232 1543 μὲν
260 1470 342 1535 κατὰ
373 1472 413 1535 σύν
444 1471 554 1550 ποίπνυον
577 1472 668 1544 θύενν,
694 1471 783 1537 ἔπειθ’
807 1469 829 1536 ἃ
852 1474 969 1548 μᾶλλον
991 1469 1131 1549 συμφέρει
1155 1477 1191 1548 τῇ

102 1573 201 1650 πόλει,
227 1576 270 1641 ἔσο
293 1576 317 1641 δ’
340 1576 362 1644 ἃ
385 1580 398 1643 ὂ
422 1580 509 1659 δῆμον
533 1583 704 1662 ἑψηφίσατο
726 1581 775 1645 καί
801 1580 979 1657 δυνησόμεθα
1001 1579 1138 1642 δαπανῖον
1160 1578 1193 1640 ἐκ

100 1689 153 1746 Τῶν
186 1686 355 1765 πθθθίθντων
377 1690 552 1770 χρημάτων.
598 1690 671 1755 Non
695 1691 754 1754 tria
777 1712 888 1775 genera
910 1688 1127 1753 sacrificiorum
1150 1708 1194 1749 re-

102 1805 281 1877 censentur,
306 1799 359 1863 sed
383 1808 446 1864 tres
469 1824 597 1879 causae,
622 1824 716 1886 quare
739 1802 838 1885 patria
862 1800 1005 1864 instituta
1021 1802 1193 1882 praestent3

105 1906 232 1972 colenda
263 1931 348 1973 sacre
370 1933 386 1974 a
411 1934 442 1975 se
466 1911 677 1976 commendata
701 1911 777 1974 dicit
799 1911 931 1994 primum
955 1907 1037 1993 quod
1062 1929 1080 1969 a
1102 1904 1194 1990 patri·

103 2016 158 2080 bus
181 2018 297 2082 tradita
320 2020 382 2083 sint
390 2069 399 2098 ,
425 2028 492 2084 tum
513 2022 585 2104 quia
601 2022 697 2106 magis
713 2020 824 2098 utilia,
841 2019 973 2102 denique
989 2014 1071 2099 quod
1088 2013 1194 2077 eadem

103 2127 249 2211 apopulo
265 2129 445 2194 confirmatu
460 2131 523 2194 sint
541 2153 598 2195 nec
615 2131 693 2195 vires
710 2130 842 2194 civitatis
858 2133 1012 2212 superent.
1037 2125 1195 2188 Postrema

13 2310 14 2317 ἵ
103 2236 255 2320 pertinent
286 2237 325 2300 ad
356 2241 540 2322 συννραφοίς
565 2241 595 2325 (p
615 2243 687 2323 21),
712 2240 825 2325 quibus
848 2238 886 2301 de
908 2237 1025 2301 ratione
1049 2241 1080 2297 et
1102 2231 1193 2295 modo

13 2376 15 2383 >
103 2347 132 2410 in
154 2347 263 2431 patriis
287 2348 381 2411 sacris
405 2348 594 2414 observando
619 2351 841 2435 praescriptum
865 2354 939 2412 erat.
978 2345 1038 2409 Sed
1058 2345 1193 2408 δαπανᾶν

102 2479 159 2520 non
190 2464 272 2521 recte
305 2480 336 2521 se
367 2457 477 2536 habet3
506 2481 569 2523 non
592 2461 673 2524 enim
697 2460 848 2526 ἐδαπάνων
871 2458 928 2529 aaa
951 2457 1051 2526 θυσίας
1075 2453 1129 2516 sed
1152 2453 1192 2523 είς

12 2570 14 2593 ³
100 2568 153 2637 σθος
184 2568 294 2640 θυσίας.
338 2567 386 2631 Ab
420 2568 586 2653 interprete
617 2569 770 2635 adiectum
802 2569 940 2646 videtur,
969 2566 1023 2650 qui
1051 2563 1193 2647 supplere

12 2738 14 2745 ,
101 2676 215 2741 seilicet
244 2677 320 2741 haec
351 2678 536 2756 conabatur,
569 2700 648 2763 quae
678 2678 766 2742 nullo
793 2678 1009 2763 supplemento
1035 2673 1176 2757 indigent
1183 2698 1192 2750 ;

12 2752 14 2781 r
102 2785 138 2848 ad
166 2785 188 2853 ἃ
218 2790 232 2852 ὅ
257 2788 345 2865 δῆμος
367 2789 539 2869 ἐψηφίσατο
562 2788 612 2854 καί
637 2788 814 2866 δυνησόμεθα
837 2789 879 2852 ἐκ.
903 2813 931 2851 r.
956 2810 1004 2863 πρ.
1035 2808 1085 2865 χρ.
1114 2782 1195 2866 cogi·

12 2946 14 2973 ,
102 2896 216 2960 tatione
239 2897 389 2979 repetitur
411 2896 491 2962 θύενν.
539 2897 661 2982 Inspice
686 2897 842 2981 superiora
865 2894 939 2972 aare
961 2933 1006 2944 -
1029 2895 1110 2958 θύειν.
1145 2891 1194 2955 Ad

12 2990 14 3085 ί
101 3026 161 3068 rem
185 3012 349 3069 tractatam
373 3005 589 3070 illustrandam
612 3028 722 3090 operae
745 3005 876 3090 pretium
898 3003 957 3068 erit
978 3002 1115 3067 conferre
1131 3001 1195 3064 Iso-

12 3100 13 3105 *
100 3122 212 3179 cratem
238 3117 267 3180 7.
293 3117 353 3193 29,
379 3117 432 3179 30.
977 3118 981 3129 ’
1145 3102 1150 3113 ’

36 3202 39 3209 ’
141 3226 235 3308 ᾁ22.
283 3223 362 3296 εἰδὼς
385 3223 411 3288 δ’
434 3222 476 3290 ύσν
508 3223 644 3301 ἧβουλη
668 3225 684 3298 ἡ
704 3221 892 3301 βουλεύουσα.
926 3222 1077 3287 Sluitcrus
1100 3220 1198 3285 Leett.

12 3410 13 3413 Ἴ
100 3333 178 3397 And.
209 3356 240 3418 p.
267 3336 332 3399 276
357 3334 563 3398 coniecturam
587 3355 674 3396 suam
697 3336 714 3408 η
736 3333 782 3397 atat
801 3331 996 3408 βουλεύουσα,
1021 3330 1198 3414 quaemihi

12 3516 14 3519 ι
98 3441 330 3519 venundetur,
355 3443 443 3507 docte
466 3442 658 3519 illustrarit3
682 3448 729 3505 est
751 3448 899 3519 „senatus
924 3439 996 3517 ille,
1021 3440 1075 3522 qui
1095 3439 1198 3522 singu-

12 3526 14 3597 ί
98 3548 156 3624 „lis
188 3551 277 3613 aunis
315 3549 373 3614 hoc
404 3573 530 3614 munere
566 3550 739 3635 fungitur?
784 3548 858 3613 Non
889 3555 1011 3634 oportet
1036 3548 1199 3632 quotannis

100 3656 199 3721 denuo
224 3681 329 3723 recens
354 3660 549 3744 designatum
578 3666 721 3724 senatum
745 3660 888 3724 incusare
904 3659 964 3741 (οίεί
978 3685 1021 3718 =
1039 3656 1200 3739 ἕκοίσποπε).

12 3756 13 3767 ’
101 3768 191 3842 Βουλη
225 3774 271 3831 est
304 3776 426 3833 senatus
450 3769 545 3833 unius
571 3771 653 3834 anni.
700 3769 750 3833 Ita
773 3771 826 3832 24.
852 3771 893 3831 26
919 3769 950 3832 αἱ
974 3769 1068 3832 ίολλαν
1090 3765 1201 3844 βουλαί

103 3876 292 3961 reliquorum
315 3899 464 3941 annorum
475 3903 484 3955 3
509 3881 526 3953 ἡ
550 3879 673 3958 προτέρα
694 3878 728 3956 β.
754 3877 920 3962 superioris
944 3877 1034 3954 anni,
1059 3878 1112 3939 22.
1137 3878 1168 3938 9.

151 3986 168 4069 p
191 3988 244 4050 23.
281 3985 381 4051 Verba
403 3987 571 4067 προσέχουσι
591 3988 640 4051 σθν
656 3993 717 4051 νοῦν
740 4025 785 4036 -
805 3986 821 4062 θ
841 3986 932 4050 πλείω
956 3986 1087 4062 ἠδίκηκεν
1105 3986 1133 4070 (ᾧ
1145 3967 1201 4049 24)

109 4096 190 4178 quod
214 4097 396 4160 conveniant
418 4118 487 4159 eum
511 4094 671 4180 Epicratea
692 4098 709 4180 t
733 4099 769 4172 5,
794 4103 824 4158 et
848 4096 967 4159 mentio
982 4104 1093 4170 κλοπῆς
1109 4094 1199 4157 nimis

109 4202 148 4266 sit
179 4204 325 4289 abrupta,
358 4204 500 4268 Dobreus
530 4203 603 4268 iude
634 4203 694 4267 huc
717 4204 803 4266 illata
826 4205 1012 4288 suspicatur.
1037 4204 1097 4269 Sed
1121 4226 1199 4288 quae

12 4294 13 4321 ³
109 4313 328 4399 relinquuntur
350 4316 394 4377 ita
416 4314 543 4378 minime
566 4313 747 4391 cohaerent,
772 4313 874 4405 potius
901 4336 997 4409 usque
1020 4315 1059 4378 ad
1074 4313 1200 4402 λαμβά-
