2994 5234
676 427 737 489 187

167 622 272 704 culpae
296 622 393 704 ipsius
417 620 613 704 deposuisse3
637 621 698 685 nisi
722 644 826 686 omnes
846 630 900 686 aut
916 624 1051 707 plerique
1068 626 1149 684 certe
1165 620 1254 684 obliti

166 737 282 807 essent,
307 753 369 794 non
388 737 508 815 poterat
525 725 740 814 impunitatem
756 755 886 816 sperare.
919 733 1034 796 Melius
1050 732 1148 815 igitur
1164 730 1257 813 serip-

164 839 252 901 sisset
282 836 318 901 ὦν
346 840 533 913 ἐπιλελῆσθαι
565 840 690 914 αὐτούς,
720 840 768 904 καί
792 840 850 905 οὐδ’
872 841 1143 918 ἀναμνησθήσεσθαι
1169 841 1254 910 ἐνίους

164 947 295 1028 νομίζεις.
345 947 468 1012 Oblitos
499 948 630 1033 putebat
659 949 777 1013 iudices
809 951 946 1028 sceleris,
980 950 1129 1033 quosdam
1161 949 1253 1013 etiam

163 1058 208 1120 sic
231 1059 410 1122 memoriam
433 1060 499 1123 eius
523 1058 664 1122 maleficii
680 1058 875 1143 deposuisse,
899 1065 989 1122 utne
1004 1060 1114 1122 moniti
1130 1058 1254 1142 quidem

162 1167 280 1230 fectum
306 1169 496 1232 recordaturi
520 1175 629 1232 essent.
668 1167 712 1231 Hi
736 1169 918 1253 posteriores
942 1170 1084 1252 negaturi
1107 1175 1193 1231 erant
1217 1168 1254 1231 de

160 1275 298 1340 Evandri
321 1277 413 1361 culpe
436 1300 506 1341 vere
528 1278 639 1341 referre
667 1283 828 1341 oratorem.
871 1275 951 1341 (lum
975 1276 1096 1340 delectu
1119 1277 1254 1361 positum

160 1392 210 1448 est
231 1389 375 1464 οὶναμιμν.
386 1436 396 1469 ,
420 1388 539 1451 ratione
561 1387 667 1451 habits
690 1387 920 1470 compositionis
944 1388 1046 1470 (θνα).

207 1495 231 1558 εί
262 1495 359 1576 ταιίτη
390 1505 427 1576 τῇ
458 1497 553 1561 ttulit
580 1498 619 1567 εἷς
643 1497 722 1573 ὑμᾶς
746 1494 805 1571 ίίκει
829 1494 989 1577 πιστεύων,
1013 1493 1108 1574 decep
1134 1493 1254 1559 σίλλων

158 1606 216 1680 μέν
238 1629 320 1668 τινων
343 1603 427 1669 θντων
451 1612 506 1670 τῶν
529 1605 717 1683 ἠδικημένων,
742 1605 869 1685 ἑτέρων
895 1605 925 1669 δὲ
948 1610 1004 1668 τῶν
1025 1609 1127 1669 ταῦτα
1149 1604 1253 1682 διαψη-

157 1714 340 1797 φιουμένων,
371 1716 443 1779 ἀλλ’
473 1717 524 1779 οὐκ
545 1714 704 1795 οὶμφθτερα
726 1721 782 1779 τῶν
806 1715 974 1779 αὐτῶνκαὶ
998 1712 1177 1778 πεπονθότων
1202 1714 1251 1777 καί

158 1826 368 1900 ἀκουσομένων.
415 1825 463 1888 De
485 1823 577 1896 ἄλλος
600 1825 654 1901 μέν
676 1862 739 1906 -,
763 1823 856 1903 ἕτερος
880 1825 910 1889 δέ
931 1862 976 1873 -
1000 1824 1037 1888 cf.
1061 1824 1141 1887 Plat.
1159 1823 1249 1907 prl.

158 1933 216 1996 IV.
251 1936 326 1998 439.
358 1933 402 1995 B:
438 1934 518 2008 οίλλη
549 1933 602 2011 μὲν
626 1937 642 2009 ἡ
665 1934 820 1997 ἀπωθοῦσα
846 1933 930 2012 χείρ,
955 1933 1086 2015 ἑτέραθ
1110 1937 1126 2009 η
1151 1958 1254 2014 προςα-

96 2107 99 2112 ,
157 2043 280 2118 γομένη.
317 2042 389 2104 Alio
412 2040 519 2106 Stallb.
545 2041 584 2104 ad
601 2041 694 2125 Soph.
713 2044 787 2105 224.
805 2041 844 2105 D.
876 2040 915 2105 In
930 2041 1077 2126 proximis
1092 2043 1252 2124 ἀμφότερα

156 2172 221 2215 non
246 2156 294 2213 est
317 2150 470 2214 obiectum
494 2151 656 2214 verborum
679 2174 752 2214 τεσ.
777 2156 808 2213 et
830 2152 948 2227 οὶκονσ.,
978 2150 1033 2214 sed
1060 2153 1252 2216 accusativus

157 2260 297 2324 adverbii
321 2260 383 2324 fere
406 2269 548 2324 naturam
570 2260 673 2324 induit
696 2263 810 2340 (simul)
833 2266 870 2322 ut
892 2259 975 2343 apud
998 2259 1095 2323 isocr.
1122 2263 1151 2323 8.
1172 2264 1252 2323 139:

156 2369 229 2437 ίταν
258 2375 338 2451 ὁρῶσι
368 2373 435 2443 τοὺς
466 2373 571 2442 αὐτοὺς
601 2372 761 2452 οὶμφθτερα
792 2371 840 2434 καί
874 2369 1070 2441 θικαιοτοίτονς
1094 2369 1251 2440 decucurri

156 2482 308 2558 μεγίστην
331 2481 451 2558 δύναμιν
474 2479 674 2558 κεκτημένους.

201 2593 221 2674 p
246 2592 276 2653 2.
323 2590 398 2667 Isti,
423 2590 543 2674 inquit,
568 2612 621 2653 vos
642 2591 716 2653 olim
731 2590 807 2654 urbe
824 2590 996 2666 eiecerunt,
1020 2612 1073 2654 vos
1089 2612 1173 2654 nuno
1189 2613 1252 2654 non

156 2707 283 2763 tantum
304 2700 337 2762 in
361 2700 516 2764 civitatem
538 2700 614 2763 istos
637 2700 808 2782 recepistis,
835 2698 888 2761 sed
912 2699 1003 2762 etism
1028 2698 1066 2761 od
1089 2698 1206 2762 iudicia
1222 2706 1252 2762 et

157 2809 414 2872 deliberationem
444 2808 482 2872 de
512 2831 544 2871 re
574 2807 699 2892 publica
729 2807 908 2887 admittitis,
940 2804 1014 2870 ίθστε
1038 2805 1150 2878 εἰκότως
1175 2810 1253 2885 ὑμῶν

156 2919 271 2992 ταύτην
295 2919 347 2991 την
363 2919 490 2993 εὐήθειαν
505 2918 803 2996 καταγιγνώσκουσιν.
845 2919 945 3001 Apte,
970 2917 1030 2980 nisi
1046 2917 1153 2995 fallor,
1178 2918 1253 2982 haec

156 3026 253 3090 verba
284 3026 474 3105 dicerentur,
507 3029 533 3091 si
565 3028 603 3091 de
633 3028 745 3110 εὐηθείᾳ
775 3034 946 3103 constaret,
979 3026 1033 3089 scd
1056 3036 1253 3110 quaereretur

156 3137 207 3200 cui
240 3134 297 3197 illa
327 3137 526 3201 adscribenda
557 3145 654 3214 esset3
687 3137 725 3200 de
755 3137 910 3201 dementia
938 3137 1020 3200 enim
1042 3143 1191 3219 tanquam
1215 3138 1253 3203 de

156 3268 206 3323 re,
234 3267 313 3328 quae
336 3246 369 3309 in
393 3247 530 3311 confesso
554 3248 595 3310 sit
617 3248 741 3329 (ταύτην
767 3248 848 3329 τήν),
874 3268 972 3310 sermo
996 3254 1051 3309 est.
1085 3244 1254 3311 Convenie-

156 3355 211 3418 bat
244 3362 348 3419 tamen
378 3355 446 3419 loco
478 3356 578 3421 dicere
610 3380 674 3421 esse
705 3358 783 3420 hano
812 3357 997 3421 dementiam
1021 3356 1251 3441 appellandam,

131 3466 225 3529 -iure
251 3465 365 3528 talibus
389 3465 566 3530 hominibus
590 3466 774 3531 dementiam
798 3490 886 3552 posse
906 3467 1007 3531 obiici.
1040 3467 1085 3530 na
1100 3469 1253 3531 sententia

158 3576 289 3638 exsistet
312 3576 433 3638 omissis
456 3575 557 3639 verbis
580 3576 691 3649 ταύτην
715 3579 776 3651 την.

201 3687 219 3768 d
244 3686 276 3746 3.
322 3686 371 3748 καί
397 3687 453 3750 νννί
478 3688 565 3751 αὐτὸν
587 3686 681 3752 οὶκοιίω
704 3725 749 3735 -
772 3687 865 3764 λέξειν
888 3690 924 3759 ὡς
948 3688 1049 3752 πολλοὶ
1072 3689 1094 3753 οἱ
1122 3689 1252 3767 τρίγονοι

157 3795 197 3865 είς
228 3796 283 3866 την
314 3794 398 3858 πόλιν
429 3796 595 3870 ἀνηλώκασι
622 3795 672 3860 καί
701 3799 865 3877 Φικοτίμως
897 3800 1172 3881 λελειτουργηκασι,
1201 3800 1250 3864 καί

157 3904 238 3975 νίκας
263 3904 379 3976 πολλὰς
400 3905 450 3968 καί
472 3907 569 3977 καλοίη
593 3908 621 3970 ἕν
641 3907 819 3989 δημοκρατίᾳ
835 3909 1012 3987 νενικήκασι,
1040 3907 1088 3970 καὶ
1103 3904 1146 3971 θτι
1163 3911 1250 3981 αὐτὸς

156 4010 275 4089 κίσμιθο
298 4013 373 4086 ἐστι,
397 4016 446 4077 καί
469 4017 528 4095 οὐχ
550 4016 652 4092 θροῖται
675 4022 759 4080 ποιῶν
782 4040 810 4081 κ.
834 4041 862 4081 τ.
887 4017 910 4081 ἓ.
949 4015 1052 4079 Verba
1075 4019 1099 4081 οί
1121 4018 1249 4098 τρίγονοι

156 4119 188 4183 in
218 4121 308 4186 MSS.
334 4123 447 4188 desunt
454 4151 463 4202 3
488 4133 592 4195 tamen
615 4126 641 4189 si
665 4126 828 4211 diligenter
851 4126 1047 4190 attendamus
1071 4128 1248 4210 oppositum

157 4231 244 4302 αὐτός
277 4232 406 4297 ἀνοίκειοι
439 4257 503 4298 esse
533 4257 596 4298 non
628 4243 746 4318 potest,
779 4237 854 4319 quin
886 4235 944 4298 hoo
976 4235 1023 4299 vel
1047 4236 1146 4300 simile
1170 4238 1246 4320 quid

156 4340 303 4406 omissum
334 4344 383 4409 sit.
431 4345 498 4407 Iam
526 4344 673 4431 Toylorus
698 4346 736 4412 de
759 4367 794 4409 eo
819 4346 957 4425 monuit,
988 4345 1040 4413 sed
1064 4348 1246 4419 recentiores
