2994 5234
812 472 875 533 186

300 667 418 730 veniam
443 667 535 746 'date3
568 671 614 734 sin
646 672 765 747 minus,
799 670 955 734 serendum
988 669 1116 732 fortasse
1148 668 1253 744 fuerit,
1279 668 1378 730 noxios
1464 652 1465 733 l

299 776 391 839 etiam
414 799 497 841 nunc
520 780 639 862 puniri,
663 802 726 842 non
749 778 927 856 ferendum,
951 800 1003 841 vos
1020 778 1194 862 promiscue
1209 775 1338 840 omnesl
1370 811 1379 822 ·

299 885 386 968 dore,
412 887 521 970 quiin
544 888 621 952 urbe
644 890 824 952 manserint.

344 996 480 1080 Apparet
503 1019 540 1059 ex
563 997 627 1074 his,
655 1019 711 1061 nec
733 998 910 1061 inventione
934 1019 991 1060 nec
1014 1003 1263 1080 argumentorum
1287 994 1380 1078 dispo·

299 1105 410 1169 sitione
434 1128 617 1191 magnopere
637 1107 715 1170 hanc
731 1107 899 1170 orationem
916 1105 1043 1189 reliquis
1060 1105 1218 1169 excellcre.
1241 1105 1282 1167 Et
1298 1124 1380 1166 cansa

298 1222 363 1278 erat
386 1216 429 1279 ita
451 1216 579 1300 simplex
595 1224 627 1280 et
642 1224 762 1299 aperta,
783 1224 820 1278 ut
834 1237 946 1300 magno
962 1215 1103 1279 acumine
1119 1237 1183 1278 non
1201 1236 1276 1298 opus
1292 1218 1378 1286 esset,
1465 1212 1466 1237 ¹

297 1324 420 1408 singula
451 1327 539 1410 quasi
566 1332 674 1410 sponte
698 1326 857 1409 profluunt
880 1348 917 1388 cx
941 1325 1095 1409 aequitate
1119 1332 1151 1388 et
1173 1324 1308 1388 utilitate
1332 1343 1380 1405 pu·
1465 1388 1466 1413 ,

298 1432 386 1496 blica.
434 1433 527 1513 Quod
550 1436 576 1499 si
601 1436 792 1519 quaerimus,
818 1434 894 1519 quid
910 1435 951 1498 sit
968 1434 1052 1518 quod
1068 1434 1215 1497 lectorem
1230 1439 1379 1515 tantopere
1465 1458 1466 1521 y

299 1548 418 1619 teneat,
457 1544 696 1621 sententiarum,
732 1544 858 1627 opinor,
891 1543 1002 1606 veritas
1031 1550 1078 1606 est
1108 1549 1140 1606 et
1171 1538 1379 1606 admonitionis

298 1652 471 1736 prudentia.
519 1653 565 1716 Ex
588 1654 714 1738 reliquis
740 1654 856 1729 causis,
878 1675 955 1736 quas
971 1653 1116 1715 tractavit
1130 1651 1256 1736 Lysias,
1272 1649 1380 1714 multae
1464 1668 1466 1681 ¹

299 1771 373 1825 sunt
395 1762 509 1826 futiles.
545 1762 595 1826 Ad
620 1785 670 1826 eas
694 1762 876 1826 obtinendas
899 1784 990 1846 saepe
1013 1769 1198 1845 argumenta
1221 1767 1305 1824 erant
1321 1779 1380 1841 pro-

298 1871 408 1934 menda
439 1880 548 1955 arguta
574 1883 605 1936 et
628 1882 782 1949 contorta,
808 1894 886 1956 quae
910 1874 1039 1937 lectores
1064 1872 1191 1957 quidem
1214 1893 1274 1935 non
1298 1867 1380 1932 facile

300 1980 339 2043 ad
362 2004 519 2045 assensum
542 1990 669 2066 cogant,
695 1984 837 2065 quamvis
860 1983 1039 2059 artificiosa,
1064 1982 1139 2046 haec
1164 1982 1261 2044 oratio
1281 1998 1378 2042 omnes

299 2090 394 2153 habet
423 2113 566 2155 numeros
596 2093 749 2169 veritatis,
781 2114 868 2155 suam
898 2092 964 2175 ipse
988 2092 1171 2155 sententiam
1195 2089 1301 2174 Lysias
1323 2086 1379 2150 elo·

302 2202 424 2282 quitur,
448 2223 534 2265 verae
558 2209 605 2264 est
627 2201 868 2285 indignationis,
892 2201 1019 2263 intimae
1043 2199 1158 2282 ubique
1181 2174 1377 2282 persuasionis

303 2312 402 2398 plena.
450 2310 516 2375 Nec
538 2318 660 2375 tantum
684 2333 771 2374 snam
795 2332 918 2374 causam
941 2317 1118 2394 propugnat
1139 2331 1211 2372 reus
1234 2307 1285 2370 sed
1308 2324 1381 2368 com·

302 2445 426 2485 munem
449 2424 563 2486 civium
579 2423 718 2485 salutem.
743 2421 879 2485 Omnino
895 2420 928 2483 in
945 2420 1002 2482 hac
1019 2419 1158 2481 oratione
1174 2418 1263 2482 nobis
1278 2417 1378 2487 datur,

303 2531 387 2614 quod
417 2532 450 2595 in
480 2532 634 2615 plerisque
661 2532 729 2594 aliis
752 2537 901 2614 negatur,
925 2536 962 2592 ut
985 2529 1023 2592 de
1046 2530 1209 2592 universae
1233 2530 1380 2611 argumen-
1465 2514 1467 2579 j

302 2641 428 2704 tationis
458 2644 489 2704 vi
517 2650 547 2705 et
578 2642 709 2706 efficacia
739 2641 891 2724 possimus
914 2617 1060 2704 iudicare.
1108 2638 1150 2701 Et
1173 2638 1274 2702 videre
1300 2634 1380 2705 licet,

303 2758 420 2833 quanto
447 2751 545 2835 magis
577 2750 666 2814 nobis
697 2749 863 2833 placuisset
896 2748 1024 2832 Lysias,
1057 2748 1082 2810 si
1108 2749 1230 2831 saepius
1253 2744 1380 2831 graviora

303 2867 482 2944 argumenta
509 2861 556 2924 illi
587 2858 801 2944 pertractanda
824 2859 969 2934 firissent,
994 2871 1025 2920 et
1047 2840 1231 2920 tenuitatem
1254 2849 1379 2921 dicendi,

303 2991 381 3052 quae
412 2970 542 3034 subinde
570 2971 665 3034 nimia
694 2969 851 3045 videatur,
883 2989 947 3031 non
977 2967 1149 3050 imperitiae
1180 2965 1309 3028 oratoris
1336 2958 1379 3020 de·

303 3080 384 3157 beri,
410 3080 463 3144 sed
486 3103 523 3143 ex
546 3080 719 3163 argumenti
740 3077 892 3141 tenuitate
916 3098 980 3138 esse
1003 3075 1211 3158 repetendam.

347 3191 489 3273 Agnosco
520 3191 616 3273 igitur
647 3210 707 3252 non
736 3194 797 3250 tarn
822 3186 967 3249 maiorem
992 3191 1105 3260 artem,
1131 3204 1225 3265 quem
1248 3182 1380 3245 maiorem
1467 3174 1468 3193 ³

303 3301 460 3364 veritatem
492 3307 523 3363 et
550 3298 679 3362 dicentis
703 3297 903 3380 dignitatem,
932 3300 1037 3357 natam
1060 3315 1097 3355 ex
1120 3292 1269 3355 utilitatis
1291 3282 1381 3375 publi·

303 3434 356 3474 cae
378 3410 593 3494 perspicientia
616 3417 646 3471 et
668 3407 771 3470 studio
794 3407 838 3469 rei
858 3404 1010 3489 publicae.
1035 3400 1082 3463 Ex
1099 3423 1161 3483 quo
1178 3401 1284 3464 studio
1300 3397 1378 3462 etiam

303 3521 392 3585 facile
425 3519 594 3603 explicatur
622 3516 705 3602 quod
736 3516 861 3579 candem
895 3513 1080 3576 sententiam
1111 3533 1219 3593 parum
1243 3512 1379 3574 mutatam

304 3629 436 3694 subinde
459 3628 570 3712 repetit
593 3626 652 3710 (Of.
680 3628 720 3688 14
745 3633 775 3688 et
801 3626 858 3699 16,
885 3624 903 3684 5
928 3630 959 3685 et
986 3623 1025 3683 18
1050 3619 1108 3683 sub
1132 3620 1204 3696 fin,
1232 3612 1378 3681 usubfin.

304 3751 335 3806 et
358 3743 401 3805 at
424 3747 456 3803 et
479 3740 521 3801 32
545 3735 603 3799 sub
625 3735 671 3814 l).

536 3964 624 4009 xxvl.
655 3971 717 4008 usar
733 3969 789 4026 rna
804 3968 951 4006 stanneos
965 3966 1155 4006 noxrunzrna.

348 4175 365 4256 d
391 4174 418 4233 l.
465 4168 599 4232 σύνοισθα
622 4167 723 4229 πολλὰ
745 4163 795 4225 καὶ
820 4162 897 4225 δεινὰ
919 4161 959 4232 εἰς
983 4161 1088 4229 αὐτοὺς
1112 4156 1330 4236 ἐξημαρτηκώς,
1351 4140 1380 4209 dl

305 4282 496 4354 instatuatae
518 4277 568 4341 nal
591 4275 649 4341 οὐδ’
672 4272 942 4350 ἀναμνησθήσεσθαι
965 4271 1050 4341 ἐνίους
1067 4272 1163 4333 αὐτῶν
1179 4267 1308 4347 νομίζεις.
1335 4258 1380 4321 Pa·

304 4416 373 4464 rum
405 4392 550 4455 intererat
572 4384 725 4461 Evandri,
757 4404 855 4446 unum
878 4387 909 4444 et
931 4380 1062 4443 alterum
1086 4379 1194 4464 (ἐνίους)
1218 4371 1379 4441 memoriam
