3002 5240
535 811 583 872 De
613 812 773 887 Venastdte
795 817 824 873 et
850 812 1009 873 Brevitate.

280 1070 402 1133 Praeter
433 1093 484 1147 ea,
510 1070 547 1134 de
571 1071 682 1154 quibus
707 1072 807 1137 adhuc
831 1094 928 1136 sermo
952 1072 1029 1148 fuit,
1052 1072 1085 1134 in
1108 1069 1221 1134 iudicio
1246 1070 1318 1133 Dio·

235 1181 302 1264 nysi
338 1180 399 1243 duo
434 1188 541 1244 notatu
576 1181 669 1265 digna
703 1183 855 1246 videntur.
903 1182 1059 1246 Adscribit
1094 1183 1175 1246 enim
1208 1181 1318 1266 Lysiae

235 1314 384 1355 summam
418 1298 608 1355 venustatem
643 1292 769 1376 (χάριν),
806 1299 836 1356 et
870 1293 995 1356 densam
1029 1314 1223 1377 pressamque
1254 1314 1320 1354 ora-

235 1404 349 1467 tionem
373 1404 568 1485 (στρογγύλοι
591 1402 692 1487 λέξιν).
724 1403 795 1489 Ipse
818 1405 951 1488 ingenue
975 1404 1106 1480 fatetur,
1130 1403 1230 1467 verbis
1254 1425 1318 1466 non

237 1515 385 1599 explicare
416 1536 446 1576 se
478 1536 565 1597 posse
597 1536 689 1597 quam
712 1515 842 1598 gratiam
863 1513 972 1598 Lysiae
995 1511 1165 1596 intellegat.
1201 1512 1316 1590 Sensn,

236 1626 354 1709 inquit,
386 1625 570 1709 percipitur,
606 1648 666 1689 non
702 1626 800 1691 verbis
836 1625 1020 1717 explicatur,
1063 1646 1248 1708 quamquam
1277 1624 1320 1686 f-

237 1736 347 1799 cillime
379 1737 511 1799 sentitur
541 1745 603 1799 tam
636 1736 673 1799 ab
708 1736 831 1801 indocto
867 1757 959 1821 quam
994 1736 1032 1800 ab
1056 1736 1178 1799 artifice.
1225 1733 1318 1814 Quod

238 1848 293 1911 etsi
328 1869 433 1911 verum
473 1856 533 1925 est,
571 1856 691 1924 tamen,
723 1871 818 1931 quum
850 1848 928 1912 hanc
954 1848 1097 1911 virtutem
1124 1846 1233 1931 Lysiae
1263 1844 1318 1908 uni

239 1957 409 2035 adscribat,
439 1965 469 2021 et
500 1959 542 2022 ita
574 1959 601 2022 ei
632 1960 786 2044 propriam
814 1982 878 2023 esse
901 1958 999 2036 dicat,
1023 1965 1060 2021 nt
1082 1958 1139 2021 hac
1160 1965 1234 2021 nota
1257 1978 1319 2040 ger-

239 2091 346 2132 manae
370 2070 521 2134 orationes
545 2093 563 2133 a
585 2071 695 2155 spuriis
719 2069 858 2155 dignosci
881 2071 1016 2156 possint,
1041 2069 1141 2145 dolet,
1165 2068 1318 2131 rhetorem

239 2181 420 2245 sententiam
452 2204 539 2245 suam
569 2204 631 2245 non
666 2182 853 2246 enucleatius
888 2182 1072 2266 exposuisse.
1120 2178 1246 2243 Collatis
1276 2186 1320 2241 ta-

239 2317 308 2357 men
341 2292 408 2356 aliis
439 2293 514 2356 locis
543 2315 609 2357 eam
644 2294 814 2357 accuratius
841 2316 989 2378 exponere
1017 2293 1193 2378 poterimus.
1240 2289 1318 2353 Lam

240 2404 321 2467 enim
362 2403 491 2487 gratiam
530 2405 624 2483 κσιρίν
657 2404 791 2488 appellat
825 2405 862 2468 de
896 2404 968 2490 Lys.
1006 2407 1045 2468 13
1089 2403 1190 2480 med,
1230 2401 1317 2465 Dem.

242 2517 293 2603 13.
323 2512 447 2598 Lysiam
469 2520 521 2586 τῆς
545 2511 831 2593 recalcandum
854 2516 903 2580 ιιοιί
926 2525 979 2591 τῆς
1001 2515 1120 2596 χιίρισος
1143 2537 1213 2578 cum
1237 2510 1321 2577 Gala·

238 2625 318 2690 mide
350 2633 380 2688 et
411 2623 599 2691 Callimacho
630 2625 796 2690 artificibus
826 2635 980 2712 comparat
1012 2627 1049 2691 de
1080 2626 1175 2690 Isocr.
1201 2628 1230 2689 3.
1274 2623 1321 2687 De

239 2735 395 2799 Calamide
419 2742 521 2799 autem
544 2736 580 2798 cf.
606 2734 669 2799 Cic.
687 2736 774 2800 Brut.
791 2740 808 2822 d
826 2740 883 2803 70:
909 2736 1100 2816 „Calamidis
1115 2736 1225 2821 (signal
1243 2734 1321 2799 dura

238 2846 315 2924 „illa
334 2845 475 2931 quidem,
488 2846 540 2911 sed
556 2857 657 2919 tamen
674 2847 814 2912 molliora
829 2870 920 2932 quam
936 2849 1071 2914 Canachi
1087 2846 1320 2934 (antiquioris)”.

239 2957 360 3021 Priscae
390 2958 485 3042 igitur
508 2957 712 3041 simplicitatis
736 2967 766 3022 et
790 2958 922 3024 duritiae
946 2959 1018 3024 huic
1040 2958 1157 3045 aliquid
1181 2958 1321 3023 adhaere-

239 3069 301 3132 bat.
345 3066 391 3132 Of.
425 3067 549 3148 Quinct.
582 3069 656 3132 XII.
685 3072 735 3133 10.
763 3074 791 3135 7.
831 3071 888 3134 Sed
907 3070 984 3157 'ipse
1015 3071 1183 3156 Dionysius
1214 3068 1323 3134 melius

242 3181 423 3244 sententiam
446 3203 531 3244 suam
555 3181 735 3266 explicabit3
760 3182 797 3246 de
821 3182 907 3247 Isaeo
931 3207 956 3247 c.
982 3187 1002 3246 4
1025 3182 1134 3268 Lysiae
1157 3182 1322 3246 orationem

243 3299 395 3376 comparat
420 3315 489 3356 cum
512 3293 646 3376 antiquis
670 3293 814 3377 picturis,
840 3316 917 3379 quae
941 3296 1046 3381 paucis
1069 3293 1239 3370 coloribus,
1267 3313 1324 3355 nec

243 3403 403 3467 artificiose
426 3404 583 3487 permixtis
607 3404 791 3488 compositae
816 3406 894 3482 sint,
920 3404 973 3470 sed
994 3384 1177 3470 lineamenta
1193 3403 1325 3467 habeant

243 3514 405 3598 diligenter
432 3513 599 3598 descripta,
631 3514 730 3599 iisque
760 3523 904 3583 venustae
933 3519 995 3580 sint
1025 3515 1090 3599 (είσί
1123 3516 1155 3591 δή
1178 3539 1252 3586 τινες
1274 3516 1324 3591 σίο-

242 3634 330 3705 χοιίοιι
361 3626 497 3706 γραφαί,
524 3625 661 3705 χρώμασι
685 3627 738 3702 μὲν
761 3627 948 3707 εἰργασμέναι
972 3627 1094 3703 ἁπλῶς,
1118 3626 1167 3691 acl
1191 3623 1324 3701 οὐδεμίαν

242 3738 271 3799 ἐι
301 3743 358 3806 τοῖς
391 3736 540 3812 ,alsamo
571 3735 692 3815 ἕχοοσοιι
726 3737 810 3820 [fort.
842 3739 947 3809 ἁπλοῖς
971 3745 1001 3801 et
1024 3737 1138 3821 ἔχουσι]
1164 3735 1322 3818 ποικιλίαν,

242 3846 370 3926 capraea
401 3846 430 3909 δὲ
460 3852 526 3914 τοῖς
561 3853 733 3925 ypapante,
765 3847 813 3911 vat
845 3849 920 3912 acab
954 3849 987 3912 τὸ
1018 3847 1119 3928 χοίριει
1149 3848 1178 3931 ἕο
1200 3844 1323 3916 τούτοις

242 3959 385 4040 ἔχοοσοιι).
426 3956 564 4019 Gratiam
594 3957 626 4019 in
650 3955 743 4041 Lysia
765 3959 901 4023 nativam
928 3958 1020 4036 dicit,
1046 3981 1109 4023 non
1132 3957 1324 4023 artificiosam

242 4066 335 4131 lsocr.
361 4070 397 4129 3:
423 4068 562 4147 πέφυκε
586 4068 645 4148 γὰρ
669 4071 685 4143 ἦ
709 4070 816 4135 Λυσίου
839 4069 915 4145 λέξις
939 4071 1019 4152 ἔχειν
1041 4070 1073 4134 τὸ
1088 4070 1206 4150 χοίριει,
1222 4070 1239 4143 ἦ
1255 4065 1324 4133 δ’Ἰ·

242 4178 395 4256 σοκροίσοιις
422 4179 572 4255 βούλεται.
608 4175 646 4241 ln
670 4179 757 4244 Dein.
786 4184 842 4244 13:
867 4185 975 4263 φυσικὴ
1001 4180 1142 4258 εὐστομίαι
1164 4179 1213 4245 aa}
1237 4177 1324 4260 χοίρις
1364 4162 1367 4167 ‚

242 4288 351 4372 Lysiae
381 4288 573 4352 adscribitur.
612 4287 653 4351 Et
683 4290 716 4352 in
740 4290 826 4355 Isaeo
850 4314 875 4355 c.
900 4295 920 4355 3
946 4292 1065 4355 isaeum
1088 4290 1326 4357 artificiosiorem

244 4400 335 4477 dicit,
367 4400 419 4464 sed
446 4399 554 4484 Lysiae
585 4401 682 4464 oratio
713 4404 829 4484 οὶφελής
860 4428 894 4468 σε
923 4403 973 4467 cal
1005 4404 1082 4478 ἠθικὴ
1105 4401 1222 4482 μᾶλλόν
1244 4403 1322 4503 ἐσσι·
