2994 5234
768 444 831 505 228

252 636 333 702 niam
358 640 454 717 enim,
480 663 572 724 qnam
596 641 740 727 Ergocles
765 644 938 708 oratoribus
962 646 1168 731 nequicquam
1183 649 1347 716 distribue-

250 760 314 828 rat,
340 760 375 814 ut
399 774 430 815 se
454 754 562 836 capitis
585 754 721 837 periculo
746 756 929 834 eximerent,
955 756 1142 822 Philocrates
1163 761 1201 825 ab
1217 762 1284 825 istis
1302 786 1347 825 re-

250 862 398 945 petiverat
405 888 414 939 ;
446 885 481 925 ea
512 886 558 927 res
590 865 773 927 testimoniis
796 865 918 949 probari
942 875 1079 950 poterat,
1105 870 1245 934 simodo
1270 895 1342 935 vcra

249 980 344 1054 esset,
362 972 415 1036 sed
439 997 477 1037 ne
500 975 531 1037 in
557 974 612 1037 hac
636 974 760 1058 quidem
784 999 815 1039 re
840 977 991 1041 satisfacit
1015 981 1203 1044 accusationi
1220 990 1343 1059 orator;

248 1093 392 1165 provocat
415 1086 495 1148 enim
520 1085 558 1148 ad
582 1085 693 1149 famam
716 1086 797 1170 apud
822 1088 902 1152 cives
926 1110 1079 1172 sparsam,
1105 1112 1196 1173 quam
1222 1088 1345 1156 menda·

247 1216 312 1257 cem
336 1194 523 1258 adversarius
547 1218 603 1259 suo
627 1197 692 1260 iure
716 1196 816 1261 dicere
842 1205 969 1282 poterat.

291 1303 398 1368 Oratio
421 1305 549 1390 Lysiaca
573 1315 618 1370 est
635 1308 699 1370 sine
715 1307 780 1371 ulla
795 1309 1018 1385 controversia3
1037 1318 1099 1372 tam
1115 1331 1229 1388 sermo,
1249 1333 1343 1395 quam

245 1416 446 1500 redarguendi
470 1428 500 1482 et
524 1419 674 1503 probandi
697 1421 775 1483 ratio
798 1422 814 1504 1
833 1422 848 1481 l
867 1422 932 1484 117
951 1420 1010 1484 sibi
1026 1421 1205 1504 impressam
1222 1420 1341 1484 habeut

243 1526 286 1590 ita
309 1527 436 1592 formam
460 1529 576 1613 ingenii
598 1529 735 1614 Lysiaci,
767 1540 803 1593 ut
827 1530 909 1616 apud
934 1553 1035 1594 rerum
1060 1530 1226 1615 prudentes
1254 1531 1344 1594 nulla

244 1637 396 1701 dubitatio
421 1661 484 1703 esse
509 1640 612 1723 possit.
660 1640 821 1704 Transitus
845 1648 914 1724 post
936 1642 953 1725 1
976 1643 996 1702 4
1021 1640 1121 1716 deest3
1148 1663 1184 1703 11
1201 1642 1339 1725 superio·

243 1747 327 1811 ribus
359 1750 483 1813 minime
515 1751 713 1835 consequitur
744 1749 822 1812 illud
858 1749 941 1834 quod
965 1753 982 1834 1
1006 1752 1023 1811 5
1049 1760 1196 1833 tanquam
1220 1757 1339 1815 certum

243 1860 405 1943 proponit,
438 1859 500 1922 duo
528 1868 648 1924 tantum
679 1860 792 1945 quibus
816 1883 848 1923 se
872 1859 1033 1937 defendat,
1059 1846 1227 1924 Philocrati
1252 1883 1335 1938 esse,

241 1977 295 2033 aut
324 1970 399 2033 alios
428 1969 608 2034 iudicandos
640 1993 721 2047 esse,
753 1970 806 2053 qui
839 1970 977 2054 Ergoclis
1002 1970 1082 2034 bona
1106 1969 1256 2046 habeant,
1282 1978 1337 2034 aut

240 2079 399 2163 Ergoolem
431 2081 544 2144 iniuria
575 2080 811 2144 condemnatum
839 2102 919 2156 esse,
945 2102 980 2142 ea
1003 2101 1189 2172 quamquam
1211 2104 1268 2164 pro
1292 2104 1338 2144 ra·

239 2192 323 2254 tione
353 2192 443 2256 istius
475 2192 600 2269 iudicii,
624 2192 657 2255 11
681 2213 742 2274 quo
767 2192 827 2254 1111
850 2192 967 2254 ratione
991 2190 1152 2274 rapacibus
1177 2191 1335 2256 iudicibus

239 2303 463 2366 1111111111111
488 2311 625 2388 poterat,
652 2303 807 2366 verissima
831 2312 922 2386 sunt,
946 2310 1047 2366 tamen
1072 2324 1133 2366 uon
1158 2302 1201 2366 ita
1225 2304 1335 2367 cohae-

237 2421 305 2478 rent
329 2437 398 2478 cum
423 2414 646 2499 superioribus,
672 2415 747 2498 quin
771 2414 889 2498 aliquid
912 2415 956 2478 ibi
980 2414 1082 2478 omitti
1105 2414 1253 2499 potuerit.
1295 2412 1334 2477 In

236 2525 362 2610 reliquis
386 2526 472 2589 nulla
494 2527 622 2610 vestigia
646 2548 795 2611 agnosco,
821 2526 903 2589 unde
928 2526 1083 2611 epitomen
1105 2546 1170 2591 esse
1186 2524 1331 2589 concludi

234 2638 340 2721 possit.
387 2635 469 2699 Nam
492 2636 574 2722 quod
591 2637 622 2699 in
639 2659 731 2700 causa
746 2637 960 2721 gravissimum
977 2644 1041 2714 est,
1058 2638 1135 2721 1111
1152 2639 1170 2697 6
1188 2634 1331 2712 effertur,

235 2755 270 2810 11
298 2748 395 2831 ipsam
419 2746 527 2832 Lysiae
552 2771 675 2812 manum
699 2771 761 2811 non
786 2748 995 2833 epitomatoris
1020 2770 1192 2833 agnoscam.
1241 2746 1331 2827 Quae

233 2860 249 2944 1
273 2861 291 2919 a
317 2862 389 2922 113
423 2859 568 2923 dicuntur
599 2860 701 2923 brevia
732 2867 805 2922 suut
835 2859 888 2922 illa
911 2860 1003 2922 nimis
1027 2882 1082 2944 pro
1107 2882 1208 2923 rerum
1233 2859 1332 2944 gravi·

233 2977 313 3047 tate3
347 2978 545 3034 veruntamen
575 2970 683 3033 melior
714 2977 760 3033 est
791 2970 938 3033 orationis
968 2970 1065 3033 forma
1088 2992 1142 3054 per
1165 2969 1329 3034 continuas

232 3081 484 3166 interrogationes
515 3082 683 3166 producta,
716 3104 806 3165 quam
831 3088 867 3144 11
890 3080 928 3143 ab
953 3081 1153 3165 epitomatore
1177 3080 1329 3164 proficisci

232 3180 338 3278 possit.
378 3192 486 3276 Lysias
509 3193 604 3276 igitur
624 3192 703 3255 hanc
719 3192 903 3276 levipensem
920 3192 1088 3255 orationem
1105 3191 1230 3255 omnino
1247 3212 1328 3254 oom-

231 3305 368 3389 posuisse
391 3301 526 3380 videtur,
554 3302 607 3366 sed
631 3325 739 3387 parum
763 3301 859 3364 studii
882 3302 914 3364 in
931 3324 967 3364 ea
982 3301 1162 3378 collocasse,
1180 3302 1326 3385 quoniam

230 3436 409 3500 persuasum
441 3413 566 3477 haberet
597 3419 791 3488 accusatum,
824 3434 862 3474 nc
887 3412 912 3473 si
936 3409 1054 3496 Orphei
1078 3411 1202 3494 quidem
1228 3411 1328 3474 suavi·

228 3534 323 3589 tatem
339 3524 498 3589 adhiberet
513 3522 552 3587 ad
569 3522 794 3598 defensionem,
812 3520 951 3585 iudicum
965 3521 1110 3586 manibus
1127 3522 1203 3607 eripi
1220 3543 1321 3606 posse.

228 3634 368 3699 Breviter
397 3635 491 3718 igitur
518 3635 550 3697 in
574 3634 750 3698 memoriam
774 3633 944 3710 revocavit,
969 3655 1047 3715 quae
1071 3642 1209 3696 constare
1234 3639 1324 3717 puta·

228 3746 339 3810 bantur
361 3744 399 3809 de
423 3744 610 3822 Philocrate,
635 3766 670 3808 ea
693 3765 724 3807 re
748 3765 780 3807 sc
804 3742 957 3807 iudicibus
982 3743 1155 3807 satisfacere
1178 3749 1278 3813 ratus,

271 3858 288 3940 p
311 3859 340 3919 2.
388 3856 437 3920 111
468 3856 576 3920 τούτων
599 3860 654 3921 τῶν
677 3853 840 3935 χρημάτων
863 3853 939 3917 οὐδὲν
962 3855 990 3917 ἐν
1013 3862 1051 3930 τῇ
1074 3854 1157 3918 πόλει
1181 3853 1323 3933 φαίνεται

227 3975 369 4051 suspecta
399 3974 472 4030 sunt
502 3965 594 4028 verba
624 3966 711 4046 11τῇ
735 3964 828 4028 πόλει.
875 3960 972 4024 Nulla
996 3961 1077 4024 enim
1101 3971 1146 4025 est
1169 3963 1322 4048 oppositio

225 4078 306 4142 inter
329 4079 408 4142 cives
432 4085 463 4140 et
486 4078 600 4141 hostes.
624 4074 704 4138 Nam
721 4076 752 4138 in
771 4073 1093 4158 111111111111161111,
1111 4074 1245 4158 oppositi
1260 4080 1321 4145 τοῖς

223 4188 377 4264 κηδεσταῖς
401 4189 449 4252 nal
474 4187 599 4264 οἰκείοις,
624 4193 696 4248 sunt
720 4184 850 4259 inimici,
876 4183 1039 4245 adversarii
1055 4182 1203 4266 Ergoclis.
1230 4183 1322 4246 Prae-

222 4309 305 4364 terea
336 4300 510 4383 suspicetur
537 4321 600 4362 esse
632 4318 664 4359 re
695 4318 766 4359 vera
793 4296 826 4359 in
849 4294 924 4357 urbe
948 4294 1013 4357 eius
1039 4294 1136 4372 boue,
1163 4317 1258 4378 quum
1285 4316 1319 4356 ea

222 4412 325 4496 exigat
358 4433 376 4473 1
405 4408 546 4473 familiari
574 4407 763 4483 Philocrate,
788 4406 896 4488 quiin
920 4405 995 4468 urbe
1019 4406 1113 4468 adest.
1161 4405 1317 4488 Frequens
