2958 5238
819 517 880 581 126

309 718 481 799 οίμφοτὲρων
508 719 665 796 Ἀθηναῖοι,
697 717 871 797 ταρανίμαν
900 717 1062 799 φεύγοντος
1085 722 1135 782 τοῦ
1159 719 1246 782 αὐτοῦ
1269 715 1373 794 οὶνίρίς,

250 826 254 834 ’
309 828 451 893 τοίναντία
473 829 572 910 σφίσιν
595 831 691 900 αὐτοῖς
714 829 908 909 ἐψηφίσαντο.
952 828 991 892 In
1014 827 1126 913 quibus
1149 829 1279 913 primum
1300 826 1375 891 haud

309 940 371 1003 scio
403 961 442 1003 on
469 940 495 1003 is
526 941 579 1024 qui
610 939 643 1003 in
674 939 778 1004 cedem
809 962 916 1018 causa,
945 940 991 1005 bis
1022 941 1069 1003 ius
1092 939 1214 1018 dicens,
1238 938 1376 1002 contrarie

309 1056 438 1128 statuat,
470 1049 530 1113 dici
559 1050 654 1135 possit
676 1051 754 1129 τερί
778 1051 989 1134 ἀμφοτέρων
1011 1051 1155 1116 τοίναντία
1177 1052 1270 1132 ἑαυτῷ
1283 1036 1377 1133 >φηφί-
1462 1056 1464 1133 ᾗ

200 1227 205 1235 ,
308 1161 423 1242 ζεσίαν,
448 1160 531 1245 quod
554 1161 696 1225 convenit
717 1163 750 1225 in
773 1184 857 1240 eum,
882 1162 936 1246 qui
955 1161 1074 1226 duabus
1090 1164 1190 1227 causis
1206 1162 1377 1249 propositis,

308 1273 346 1336 dc
369 1280 494 1355 utroque
515 1273 685 1358 pugnantia
706 1273 823 1337 statuit.
862 1272 921 1337 Sed
942 1273 1038 1337 nolim
1058 1274 1117 1338 hoc
1138 1297 1288 1360 premere,
1305 1272 1378 1358 quod
1463 1260 1464 1295 r

307 1385 464 1449 brevitatis
487 1385 590 1449 studio
613 1392 713 1448 motus
736 1384 950 1470 neglegentius
967 1384 1068 1449 dicere
1084 1386 1187 1470 potuit
1202 1391 1311 1449 orator.
1343 1386 1380 1447 At

307 1497 424 1581 reliquo
447 1503 519 1560 sunt
541 1496 632 1559 nimis
656 1497 778 1560 concisa
801 1503 831 1560 et
854 1495 1001 1581 languida
1007 1522 1017 1574 3
1041 1502 1077 1560 ut
1099 1497 1179 1561 enim
1203 1519 1259 1560 sua
1280 1497 1324 1560 vis
1345 1495 1381 1558 sit

308 1608 483 1694 postremis:
514 1607 658 1672 τοίναντία
688 1607 787 1689 σφίσιν
816 1610 914 1679 αὐτοῖς
937 1608 1121 1689 ἐψηφίσαντο
1144 1608 1301 1693 perspicue
1322 1607 1378 1670 duo

308 1720 458 1784 contrarie
480 1717 649 1782 enumerari
672 1716 839 1795 debebant,
864 1740 959 1801 quum
982 1720 1158 1803 praesertim
1179 1719 1253 1782 haec
1269 1740 1304 1781 eo
1318 1718 1378 1781 loco

308 1831 408 1915 posita
424 1831 502 1905 sint,
520 1827 573 1892 ubi
590 1829 722 1911 graviter
741 1831 805 1913 (per
820 1829 869 1893 καί
884 1866 930 1877 -
944 1828 990 1913 δή)
1008 1828 1164 1914 superiora
1179 1837 1377 1893 resumuntur.

289 1939 387 2004 Tum
418 1941 509 2004 etiam
538 1947 588 2005 τοῦ
617 1942 707 2006 αὐτοῦ
737 1939 834 2021 οίνδρίς
866 1947 938 2004 sunt
965 1939 1111 2004 brevitate
1135 1941 1225 2004 nimis
1249 1940 1378 2005 obscura.

308 2051 417 2137 Itaque
434 2051 579 2115 lacunosa
596 2050 669 2113 haec
686 2058 771 2136 puto.
806 2049 934 2135 Scripsit
950 2049 1056 2134 Lysias
1072 2050 1133 2114 tale
1149 2050 1242 2134 quid,
1261 2053 1377 2137 opinor:

303 2162 476 2243 παρανόμων
497 2162 643 2244 φυγόντος
664 2163 732 2229 τότε
754 2169 804 2228 τοῦ
826 2162 940 2243 ἀνδρός,
960 2164 1019 2247 (νῦν
1037 2162 1067 2226 δὲ
1085 2162 1261 2247 νικήσαντος)
1283 2165 1380 2244 τοίναν-

305 2274 504 2340 mcci

350 2384 489 2450 Fuerunt
520 2386 573 2469 qui
601 2386 704 2449 eiectis
736 2385 835 2450 verbis
866 2384 1040 2467 παρανόμων
1070 2423 1115 2435 -
1144 2385 1242 2465 οίνδρίρ
1272 2382 1380 2449 mederi

307 2496 379 2559 huic
408 2496 475 2559 loco
504 2504 700 2573 conarentun
732 2495 783 2560 scd
806 2497 845 2559 iis
868 2495 987 2560 omissis
1010 2495 1127 2579 reliquo
1143 2496 1193 2560 'sic
1215 2496 1328 2580 frigent
1349 2500 1380 2557 ut

306 2606 408 2691 potius
431 2607 531 2670 omnia
552 2606 613 2692 (καί
637 2605 700 2688 τερί
721 2645 766 2656 -
788 2606 985 2691 ἐψηφίσαντο)
1009 2607 1112 2672 abesse
1134 2607 1232 2671 molis.

351 2718 368 2802 p
392 2719 420 2779 1.
466 2711 516 2781 οἷοί
543 2742 617 2790 τινες
644 2719 736 2802 (recte
758 2716 856 2782 Bekk.
880 2739 935 2802 pro
958 2715 1068 2800 οἵτινες)
1091 2717 1168 2790 ὄντες
1192 2726 1312 2783 τολῖταν
1334 2716 1378 2780 καί

307 2828 453 2894 αὐτοίκαὶ
472 2825 508 2894 ὧν
526 2830 708 2908 τροςηκοντες
727 2830 903 2908 ἀδικούμενον
920 2829 1056 2907 ἀξιοῦμεν
1072 2831 1212 2894 ἐλεεῖσθαι
1229 2831 1280 2909 ὑφ’
1299 2828 1376 2906 ὑμῶν.

305 2933 478 3003 Delendnm
507 2946 553 3002 cst
578 2939 629 3004 καί
651 2948 721 3003 ante
744 2940 842 3005 αὐτοίε
866 2940 994 3024 „quales
1018 2940 1098 3004 cives
1120 2941 1178 3026 ipsi
1202 2948 1232 3003 et
1255 2958 1375 3024 quorum

304 3050 490 3138 „propinqui
513 3050 748 3115 misericordiam
771 3058 902 3115 vestram
924 3050 1152 3137 imploremus.”
1195 3049 1269 3114 Non
1291 3047 1376 3114 homi·
1461 3116 1462 3149 ἶ

306 3187 359 3228 nes
387 3168 584 3249 opponuntur
613 3162 693 3226 inter
723 3184 755 3226 se
785 3162 835 3226 scd
868 3163 1015 3228 attributa
1037 3162 1115 3233 ίντες
1138 3170 1169 3226 et
1191 3165 1374 3240 τροςηκοντερ.
1461 3178 1462 3233 ξ

304 3275 370 3339 Iam
401 3273 541 3339 Dobreus
572 3273 620 3337 his
649 3273 782 3349 offensus
814 3274 943 3338 coniecit
973 3276 1022 3338 καί
1055 3275 1079 3339 οί
1109 3273 1308 3355 τρορνίκοντες,
1330 3264 1375 3333 sed
1461 3246 1462 3293 i

305 3384 470 3472 propinqui
493 3382 626 3469 (Nicias,
651 3383 816 3462 Encmtes,
840 3383 1022 3462 Niceratus,
1046 3384 1231 3470 Diognetus)
1254 3406 1315 3448 non
1330 3380 1375 3443 im·

304 3496 426 3583 plorent
448 3493 693 3560 misericordiam.

347 3609 364 3694 ᾧ
387 3611 417 3673 2.
463 3606 518 3672 ίσα
542 3607 595 3682 μὲν
617 3618 654 3690 τῇ
674 3608 776 3674 ἑαυτοῦ
798 3608 900 3691 γνώμη
920 3607 1066 3689 χρώμενος
1091 3608 1160 3690 ὑπὲρ
1183 3612 1235 3673 τοῦ
1260 3604 1373 3679 τλνίίονς

302 3723 352 3782 τοῦ
383 3718 518 3798 ὑμετέρου
546 3717 669 3800 ἔτραξε,
700 3725 858 3801 πανταχοῦ
887 3722 1053 3802 φανήσεται
1080 3724 1194 3784 πολλῶν
1223 3719 1278 3796 μὲν
1307 3711 1371 3790 iilo

303 3830 444 3907 οίγαίῶν
468 3828 556 3901 αίτνος
578 3840 616 3911 τῇ
635 3831 718 3896 τίλεο
742 3831 950 3909 γεγενημένος,
974 3837 1104 3896 τλείστα
1126 3830 1155 3895 δὲ
1177 3829 1226 3895 καί
1250 3829 1370 3908 μέγιστον

301 3941 380 4005 κακοί
410 3940 476 4013 τοὺς
505 3942 660 4019 πολεμίους
690 3943 885 4024 εἰργασμένος.
931 3942 1053 4025 Primos
1083 3941 1224 4006 Baitems
1247 3961 1301 4025 pro
1321 3931 1369 4012 ίίίη

301 4053 419 4131 syren
443 4051 572 4117 coniecit
593 4052 642 4117 καί
666 4052 807 4130 μεγάλων
829 4053 965 4134 σίγαίῶν,
991 4075 1027 4116 cx
1050 4051 1168 4116 Galerio
1191 4047 1320 4135 (XVIII.
1343 4043 1368 4102 ί·

301 4185 330 4248 p.
357 4165 397 4225 65
421 4161 547 4241 Knhn„
568 4163 622 4248 qui
644 4169 746 4227 tamen
768 4163 854 4227 locus
878 4163 952 4226 satis
975 4169 1136 4247 corruptus
1157 4163 1213 4246 est)
1234 4162 1284 4225 καί
1299 4172 1369 4220 assu·

300 4296 403 4354 mens,
435 4273 578 4352 μεγάλαν
613 4273 827 4338 concinnitatis
859 4294 950 4336 cause
980 4272 1103 4337 addens.
1150 4270 1207 4335 Sed
1239 4270 1276 4334 ad
1304 4264 1367 4342 ίδίρ,

298 4408 353 4451 stro
374 4387 485 4450 rodco
506 4407 598 4464 usur,
617 4390 780 4470 separatim
803 4384 841 4449 cf.
861 4386 911 4447 15.
928 4386 959 4446 4.
990 4383 1141 4460 Μεγοίλων
1157 4382 1259 4447 abesse
1274 4392 1367 4463 posse,

299 4495 544 4581 nemonegobit.
980 4523 988 4551 e
