2994 5234
650 443 711 503 189

132 647 289 728 γίγνηται,
321 644 491 722 δικαστήρια
514 645 657 720 πληροῦτε
680 639 729 702 καὶ
754 637 1017 714 καταγιγνώσκετε
1041 636 1145 714 δεσμὸν
1167 642 1223 702 τῶν

131 755 344 831 ἀκοσμούντων.
384 752 461 816 Mid.
487 752 564 834 (21.)
589 751 671 812 209:
703 746 729 810 d
749 772 793 819 τις
818 748 895 824 ὑμῶν
919 783 964 795 -
987 748 1026 818 εἰς
1050 746 1225 825 δικαστήριον

132 865 208 935 εἰςόοι
240 861 462 941 πεπληρωμένον
493 863 526 925 ἐκ
547 858 664 923 τούτων.
712 857 854 920 Dobrcus
878 856 1136 940 praetereamus}
1159 855 1225 925 τοὺς

133 974 236 1049 νόμους
260 976 291 1038 οὐ
314 971 444 1036 δυνατόν.
491 968 550 1032 Sed
574 967 727 1031 sententio
750 974 812 1029 est:
840 964 989 1028 iudicium
1004 973 1107 1028 eutem
1120 971 1227 1027 contre

132 1082 218 1166 leges
242 1081 401 1145 convocari
426 1079 516 1163 plene
540 1097 602 1139 non
622 1081 734 1160 potest.
766 1071 887 1136 Notum
903 1080 984 1149 eret,
1001 1072 1060 1134 hoc
1075 1072 1225 1137 iudicium

131 1189 255 1275 legibus
268 1189 454 1253 contrarium
467 1186 608 1249 futurum
620 1205 699 1261 esse,
716 1204 816 1266 neque
829 1181 941 1245 diserte
954 1188 1020 1244 erat
1031 1180 1223 1259 addendum,

133 1299 188 1363 sed
213 1305 322 1382 utpote
345 1298 383 1361 de
407 1303 536 1360 renota
559 1294 735 1371 δικαστήριον
758 1291 840 1371 παρόι
862 1292 928 1361 τοὺς
953 1291 1054 1367 νόμους
1078 1291 1224 1376 appellet.

176 1409 218 1472 In
247 1408 285 1472 iis
316 1429 394 1492 quae
426 1406 563 1491 proxime
594 1410 783 1487 sequuntur:
816 1402 839 1465 εἰ
863 1402 1016 1465 δὲταῦτα
1039 1400 1123 1464 ποόνό
1146 1398 1226 1472 οὗτος

131 1518 206 1583 ἱόστε
237 1517 368 1595 γενέσθαι
399 1514 643 1594 διαπέπρακται,
678 1514 708 1575 τό
739 1510 924 1588 προσδοκῆσαι
956 1510 1000 1573 δεῖ
1030 1510 1227 1586 δοκιμασθέντ’

132 1628 223 1692 αὐτόν
253 1627 395 1700 ποιήσειν,
427 1626 450 1687 εἰ
480 1626 533 1690 την
564 1620 696 1697 ἐξιοῦσαν
729 1621 824 1699 ἀρχὴν
855 1619 991 1683 πέπεικεν
1023 1622 1112 1683 αὐτοῦ
1143 1616 1228 1683 ἕνεκα

132 1744 359 1814 παρανομῆσαι,
392 1732 514 1796 Dobreo
546 1753 610 1794 non
640 1730 790 1793 assentior
821 1729 925 1792 locum
956 1727 995 1791 ad
1027 1728 1109 1791 hunc
1135 1729 1228 1791 terme

132 1846 261 1910 modum
285 1842 460 1928 supplenti:
485 1842 702 1919 διαπέπρακται
726 1838 883 1910 κολαστέος
906 1843 1023 1914 μόιλλον
1046 1838 1063 1913 ἢ
1083 1837 1227 1913 τιμητέος.

133 1957 150 2031 ἢ
172 1956 213 2021 τό
233 1955 330 2035 προσδ.
376 1952 478 2016 Locus
502 1958 548 2014 est
572 1973 608 2014 ex
632 1972 667 2013 eo
691 1972 821 2034 genere,
844 1950 877 2013 in
901 1971 963 2032 quo
981 1949 1110 2034 protasis
1127 1949 1229 2012 condi-

135 2064 266 2129 cionulis
290 2086 343 2147 per
366 2062 493 2126 alteram
521 2060 759 2144 subsequentem
783 2060 971 2138 declaratum
1002 2059 1085 2144 quod
1109 2067 1173 2123 eret
1196 2061 1228 2123 in

135 2176 239 2259 priore
270 2172 386 2256 protasi
415 2170 592 2234 summatim
614 2169 802 2247 indicatum,
828 2192 881 2254 per
904 2168 1035 2232 alterum
1057 2169 1229 2232 membrum

135 2281 347 2346 condicionale
370 2281 470 2343 fusius
494 2279 687 2343 describitur.
712 2278 759 2342 Cf.
785 2280 873 2342 Dem.
899 2278 936 2342 de
960 2278 1030 2341 Cor.
1055 2279 1121 2361 (18)
1147 2281 1229 2344 217:

136 2394 158 2456 εἰ
182 2392 237 2468 μὲν
261 2393 320 2468 γαρ
344 2397 437 2469 παρῆν
461 2388 510 2452 καὶ
534 2389 615 2466 μετόι
633 2394 688 2453 τῶν
705 2389 805 2454 ἄλλων
821 2387 996 2468 ἐξητόζετο,
1022 2394 1082 2459 πῶς
1108 2391 1139 2452 οὐ
1156 2389 1233 2455 δεινόν

137 2507 228 2582 ποιεῖ,
253 2503 369 2569 μᾶλλον
392 2498 417 2561 δ’
441 2498 499 2563 οὐδ’
522 2495 588 2562 όσια
600 2547 609 2580 ,
641 2500 665 2562 εἰ
689 2495 724 2562 ὧν
748 2500 784 2568 ὥς
807 2497 929 2576 οὶρόσπων
953 2499 1041 2568 αὐτὸς
1066 2499 1132 2569 τοὺς
1156 2500 1232 2570 όεοὺς

137 2721 261 2793 σασόαι;
294 2739 386 2800 quem
418 2718 520 2780 locum
552 2716 588 2779 ad
618 2718 668 2778 m.
696 2717 735 2778 13
760 2715 815 2778 nbi
838 2716 957 2779 ratione
980 2738 1089 2799 parum
1115 2716 1234 2780 diversa

136 2825 187 2889 εὀόν
218 2826 397 2909 duplicatur
420 2826 506 2889 affert
530 2825 668 2902 Scheib.;
693 2824 812 2907 reliquo
835 2832 936 2888 autem
964 2826 1067 2888 minus
1092 2827 1232 2910 apposita

136 2946 219 3000 sunt.
259 2935 318 3000 Sed
342 2958 378 3000 ex
401 2936 530 2999 Platone
553 2936 684 2999 conferri
708 2941 837 3020 possunt
861 2934 974 2998 Phaed.
1001 2937 1053 3000 67.
1080 2933 1122 3011 Ε,
1140 2934 1233 3018 Apol.

138 3048 191 3109 20.
224 3045 259 3109 O.
296 3045 384 3108 Duae
414 3044 583 3108 sententiae
614 3044 782 3108 obiectivae
813 3066 866 3127 per
897 3041 957 3120 ότι,
983 3065 1113 3127 querum
1137 3044 1233 3107 ultera

137 3155 337 3239 praeponitur
360 3154 469 3231 verbo,
500 3153 595 3219 alteru
621 3156 760 3238 sequitur
783 3161 856 3217 suut
879 3153 981 3237 Symp.
1008 3156 1080 3216 186.
1097 3155 1135 3216 Α.
1172 3153 1232 3217 Sed

139 3247 328 3327 otiosa-sunt
345 3263 436 3327 verbu
450 3262 524 3326 όόστε
539 3261 692 3343 γενέσθαι,
716 3270 747 3325 et
762 3261 872 3325 debilis
890 3270 935 3326 est
951 3261 1113 3346 oppositio.
1136 3260 1235 3346 Scrip-

140 3374 244 3437 serim:
262 3375 286 3438 εἰ
302 3374 331 3437 δὲ
347 3377 447 3437 ταῦτα
462 3371 547 3436 ποόνό
563 3367 644 3443 οὗτος
663 3370 750 3454 [όόστε
765 3371 914 3455 γενέσθαι]
932 3372 989 3453 Ξδόρι
1004 3371 1230 3451 διαπέπρακται.

141 3481 266 3544 Excidit
289 3490 375 3545 ΙΔΙΑ
399 3488 468 3543 ante
493 3487 573 3544 AIA.

185 3594 203 3676 d
227 3595 257 3653 9.
305 3589 391 3654 δεινόν
422 3585 512 3663 εἶναι,
541 3589 565 3651 εἰ
589 3585 624 3650 δι’
647 3582 693 3659 οὓς
718 3590 734 3661 ἡ
759 3588 936 3668 δημοκρατία
959 3590 1120 3654 κατελύετο
1127 3639 1135 3672 ,
1160 3586 1233 3653 οὗτοι

141 3704 169 3765 έν
194 3704 271 3780 αὐτῇ
297 3701 347 3783 [τη
373 3696 520 3778 πολιτεία]
547 3694 637 3759 πόλιν
661 3695 801 3775 όιρξοοσιν.
849 3699 1009 3762 Assentior
1032 3698 1172 3762 Bekkero
1195 3709 1232 3780 τῇ

142 3810 277 3891 πολιτεία
301 3806 482 3871 secludenti.

185 3927 238 3993 τῆς
271 3918 399 3990 πόλεως,
432 3912 464 3992 ἣν
494 3916 626 3997 πρότερον
658 3917 884 3996 παραλαβόντες
913 3915 1000 3988 οὕτως
1030 3919 1157 3996 αἰσχρῶς
1183 3918 1233 3980 καὶ

142 4028 234 4100 δεινῶς
257 4027 456 4104 ἐλωβήσαντο.
492 4025 615 4089 Excidit
637 4025 756 4109 aliquid
779 4033 849 4090 ante
870 4027 1117 4106 παραλαβόντες,
1137 4027 1234 4090 veluti

144 4139 282 4216 μεγοέλην
309 4136 358 4200 καὶ
382 4138 544 4213 ὀνομαστήν
567 4135 615 4198 vel
639 4135 738 4199 simile
762 4135 855 4218 quid;
887 4158 959 4199 nam
983 4137 1048 4201 sine
1071 4138 1109 4200 iis
1133 4160 1236 4221 super-

146 4268 313 4310 vacaneum
337 4254 383 4310 est
406 4246 646 4324 παραλαβόντες.

191 4359 208 4440 ξ
235 4361 285 4419 10.
332 4358 355 4421 εἱ
382 4358 436 4435 μὲν
463 4356 496 4431 δὴ
523 4356 688 4434 βουλεύσων
713 4357 769 4421 νυνὶ
794 4355 976 4438 ἐδοκιμοόζετσ
1000 4357 1049 4421 καὶ
1074 4359 1110 4429 ὡς
1134 4358 1238 4420 ἱππεο·
