2958 5238
606 507 666 570 137

97 705 148 768 bns
180 706 240 769 vid.
275 688 446 791 Xenophon
479 705 560 769 Hell.
586 704 641 767 iv,
669 710 696 767 S.
722 708 764 767 24
789 715 819 767 et
843 704 880 767 V.
911 708 936 767 l.
967 708 1022 781 10,
1047 726 1173 786 quarum
1277 739 1280 746 ·

96 815 144 879 illa
173 816 210 879 ad
239 815 288 881 01.
314 815 445 880 XCVII.
470 821 508 893 3,
533 816 607 880 haec
630 816 668 880 ad
691 815 839 879 XCVIII.
868 820 882 879 1
909 816 1052 891 refertur,
1077 822 1177 900 poste·

95 928 198 991 riorem
222 951 240 989 a
263 928 355 1012 Lysia
378 927 557 1012 significari3
582 951 651 991 uam
674 928 752 991 hanc
776 928 943 991 orationem
960 926 1093 991 habitam
1112 949 1175 988 esse

94 1038 138 1100 01.
170 1037 318 1101 XCVIII.
354 1041 367 1099 1
398 1046 450 1101 aut
474 1041 493 1100 t
518 1046 639 1101 constat
661 1039 712 1120 (cf.
737 1041 753 1123 θ’
777 1040 817 1101 50
842 1060 911 1101 cum
935 1036 1013 1101 Xeu.
1039 1035 1120 1099 Heli.
1136 1034 1174 1099 V.

97 1153 121 1213 1.
145 1153 199 1235 25)
224 1152 244 1214 i.
269 1175 294 1215 e.
320 1173 400 1214 arrno
424 1159 478 1214 aut
501 1150 622 1215 biennio
639 1161 707 1235 post
724 1172 814 1235 quam
831 1148 942 1213 Plutus
960 1147 1175 1233 Aristophanis

94 1270 155 1326 acta
179 1271 234 1325 est.
281 1260 390 1345 Neque
415 1261 502 1326 obest
524 1260 607 1344 quod
629 1263 646 1346 q
670 1263 711 1323 28
736 1268 767 1324 et
790 1284 852 1345 seq.
870 1259 982 1324 dicitur
998 1258 1175 1342 Aristopha-

92 1396 141 1436 nes
171 1372 354 1457 Nicopheini
385 1373 622 1456 filiusquotuor
644 1378 843 1456 autquinque
866 1372 954 1435 annis
978 1377 1047 1455 post
1069 1368 1175 1433 Eubu-

92 1483 179 1547 lidem
203 1484 284 1547 arch.
309 1484 329 1546 i.
355 1507 381 1547 e.
405 1483 455 1546 Ol.
481 1482 592 1546 XCVI.
622 1488 659 1560 3,
685 1506 761 1567 quae
786 1482 941 1547 habuisset
962 1481 1173 1565 acquisivisse,

92 1618 184 1678 quum
212 1596 291 1658 inter
319 1595 399 1658 hunc
424 1617 539 1658 annum
562 1603 592 1659 et
615 1595 665 1658 Ol.
691 1594 839 1658 XOVHI.
866 1598 882 1658 1
908 1618 963 1660 seco
987 1595 1060 1659 anni
1083 1595 1175 1657 iuter·

92 1707 158 1769 sint.
200 1704 338 1768 Oratoris
361 1707 443 1769 enim
466 1706 520 1794 illo
537 1706 604 1769 loco
620 1706 747 1770 interest
763 1714 883 1791 tempus
899 1708 1035 1769 minuere
1044 1732 1053 1782 3
1071 1705 1174 1788 itaque

92 1840 159 1901 pro:
186 1820 315 1901 amptius
337 1822 464 1900 quotque
488 1823 574 1881 annis
597 1820 679 1901 (uam
697 1821 784 1902 pleni
797 1840 848 1882 sex
865 1818 936 1881 anni
952 1817 1094 1880 intersint
1109 1837 1171 1879 nou

92 1950 211 1992 necesse
242 1930 298 2012 est)
325 1928 430 2013 posuit
452 1935 579 2011 quatuor
602 1935 800 2013 autquinque
823 1932 862 2013 (ἐν
884 1929 1035 2007 τέτταρσιν
1055 1931 1071 2003 ἢ
1093 1926 1173 1992 πέντ’

92 2037 201 2123 ἔτεσιν).
236 2037 373 2102 Eandem
390 2041 571 2103 sententiam
592 2039 723 2118 Bakius,
741 2040 793 2104 sed
809 2039 868 2103 alio
886 2062 959 2103 usus
976 2046 1171 2125 argumento,
1214 2117 1222 2138 ι

93 2148 227 2214 defendit
250 2150 271 2212 1.
295 2150 316 2213 l.
341 2173 369 2235 p.
400 2153 470 2228 197,
495 2172 560 2234 sqq.

134 2261 181 2325 De
208 2262 414 2346 singularibus
439 2261 621 2345 quibusdam
645 2262 720 2327 locis
743 2263 817 2326 haec
841 2261 980 2327 addenda
1003 2269 1085 2324 sunt.

134 2375 151 2458 q
174 2376 204 2436 8.
251 2372 298 2436 De
320 2371 423 2436 liberis
448 2373 678 2457 Aristophanis:
702 2375 786 2438 ἄλλοι
808 2373 857 2437 καὶ
881 2370 898 2449 ἢ
918 2372 1071 2443 ὑπόλοιπος
1091 2370 1174 2442 ἐλπὶς

96 2478 140 2557 ἦν,
173 2483 228 2547 ὑπὸ
260 2489 311 2547 τοῦ
342 2484 467 2547 ποὶππου
498 2485 694 2566 ἐκτραφῆναι,
723 2486 752 2547 ἕν
781 2481 852 2548 οὕτω
883 2483 960 2564 δεινῷ
991 2484 1173 2555 καθέστακεν.

94 2591 162 2658 Non
185 2601 308 2658 tantum
330 2603 469 2657 mortuus
494 2601 558 2657 erat
581 2593 805 2679 Nicophemus,
831 2594 883 2658 sed
907 2595 998 2658 etiam
1021 2602 1175 2659 maternus

19 2754 20 2759 1
96 2703 258 2769 liberorum
281 2693 369 2781 avus,
394 2705 432 2768 cf.
456 2707 545 2790 162.
579 2703 652 2769 Nou
675 2713 815 2790 poterant
830 2706 933 2790 itaque
949 2706 1015 2770 ὑπὸ
1030 2711 1080 2770 τοῦ
1095 2704 1176 2770 ποθπ-

96 2838 145 2879 που
167 2815 355 2898 ἐκτρέφεσθαι
379 2815 431 2881 sed
454 2819 492 2881 ἐκ
517 2823 581 2881 τῶν
608 2824 658 2883 τοῦ
682 2843 715 2883 π.
762 2818 922 2882 Actionem
945 2818 977 2881 in
999 2817 1101 2882 dotem
1116 2841 1177 2883 ma-

94 2927 145 2989 tris
175 2927 353 2990 institutam
384 2928 495 3006 tuisse,
521 2951 598 3012 quae
622 2930 734 2994 iniuria
757 2952 827 2994 cum
850 2929 1066 3014 Aristophanis
1089 2928 1176 2994 bonis

95 3045 168 3101 esset
190 3036 369 3122 publicata,
393 3040 461 3103 iure
484 3040 556 3104 hinc
580 3040 671 3105 efficit
693 3040 809 3105 Bakius
832 3065 862 3126 p.
888 3043 961 3103 alo.

135 3150 150 3233 q
175 3152 227 3212 10.
275 3150 318 3225 μὴ
341 3144 386 3214 οὖν
409 3153 723 3231 προκαταγιγνώσκετε
745 3153 856 3216 ἀδικίαν
880 3159 930 3216 τοῦ
953 3152 992 3222 εἰς
1016 3152 1102 3215 αὑτὸν
1125 3151 1178 3228 μὲν

93 3267 178 3341 μικροὶ
197 3262 398 3344 δαπανῶντος,
421 3263 487 3339 ὑμῖν
508 3263 537 3325 δὲ
556 3264 655 3327 πολλοὶ
673 3262 738 3327 καθ’
754 3259 874 3326 ἕκαστον
891 3262 938 3326 τὸν
950 3261 1092 3343 ε’νιαυτθν,
1107 3260 1178 3324 αλλ’

94 3366 145 3436 ὅσοι
163 3373 259 3438 κ.τ.ἑ.
290 3371 461 3457 Scaligerus
478 3373 624 3437 indicavit
641 3373 757 3457 aliquid
774 3373 823 3436 hic
839 3372 941 3437 deesse
957 3379 1027 3457 post
1042 3374 1177 3437 ἐνιαυτόν.

95 3479 149 3546 Oui
172 3491 209 3546 nt
233 3485 381 3548 assentiar
403 3485 476 3549 facit
500 3508 561 3549 nou
585 3493 707 3549 tantum
730 3485 808 3549 dura
829 3483 913 3548 verbi
929 3485 961 3547 in
977 3483 1072 3547 altero
1087 3505 1178 3547 mem-

96 3592 146 3657 bro
176 3594 300 3657 omissio
330 3595 382 3659 sed
410 3598 501 3661 etiem
530 3605 701 3662 structurae
725 3597 869 3674 varietas,
894 3595 997 3658 dativo
1021 3597 1087 3671 ὑμῖν
1110 3601 1186 3695 post.

97 3706 133 3773 stc
163 3706 249 3770 αὑτόν
276 3705 379 3784 illato,
410 3731 502 3793 quam
525 3708 583 3771 hoo
607 3708 673 3771 loco
696 3707 922 3793 perspicuitatis
946 3727 1036 3769 causa
1059 3711 1176 3780 orator,

98 3824 131 3876 ut
152 3818 275 3901 opinor,
301 3819 467 3883 vitavisset.
514 3819 627 3884 Lenem
650 3820 802 3904 quandam
826 3818 918 3884 habet
933 3818 1081 3881 ανααθσκιο
1098 3818 1178 3899 (ν’να-

98 3927 248 4013 meane)
272 3930 564 3996 commendationem
589 3953 625 3994 ex
649 3930 849 3995 similitudine
873 3931 1079 4015 proximarum
1098 3927 1178 3990 litte·
1252 3965 1254 3971 ι

98 4057 195 4102 rerum
217 4042 388 4125 (ΑΛΑΟΟ).
437 4040 496 4104 Sed
519 4041 616 4105 multa
640 4040 699 4105 alia
722 4050 792 4124 apta
815 4048 915 4105 esseut
938 4061 1016 4124 quae
1039 4037 1176 4102 dativum

99 4151 186 4214 solent
214 4151 380 4216 adsciscere
408 4159 445 4216 ut
473 4158 664 4230 λειτουργεῖν,
693 4152 842 4232 εἰσφέρειν,
868 4153 1029 4229 ὑπουργεῖν.
1076 4151 1176 4214 Acute

100 4256 244 4326 Sluiterus
267 4265 333 4327 καθ’
358 4263 404 4329 ἕκ.
429 4266 543 4336 δοντθς
567 4267 605 4329 ἐν.
652 4263 810 4328 Vocabula
830 4263 863 4326 in
887 4261 1043 4326 codicibus
1066 4259 1176 4345 Lysiae
1214 4300 1219 4310 ·

102 4391 164 4434 cum
181 4374 251 4438 alibi
268 4376 380 4438 omissa
398 4385 465 4439 tum
484 4376 563 4439 infra
581 4378 597 4460 q
617 4379 675 4439 al:
696 4379 726 4440 οὐ
747 4375 805 4453 γθιρ
823 4375 906 4451 μόνον
925 4375 965 4444 εἰς
977 4374 1031 4444 τας
1044 4378 1173 4447 ναῦς...,

102 4483 178 4548 ἄλλα
208 4488 257 4551 καὶ
281 4488 455 4558 πελταστὰς
482 4488 674 4565 ἐμισθώσαντο
696 4489 744 4551 καὶ
768 4488 848 4552 ὅπλα
870 4487 1019 4566 ἐπρίαντο,
1043 4484 1098 4549 ubi
1121 4490 1176 4547 aut
