2958 5238
671 444 679 457 ⁴
773 454 850 559 'roa

275 700 373 768 αὐτοῖς
402 695 552 774 ἐπιτιμίοις
580 693 649 778 ᾤετο
677 696 735 760 δεῖν
765 694 915 775 ἐνέχεσθαι
945 692 994 760 τίν
1020 693 1216 776 ἀστοοίτευτον
1237 695 1287 760 καὶ
1310 696 1358 762 τὸν

231 842 233 847 <
273 806 433 872 λελοιπίτα
459 810 512 883 τὴν
538 805 693 889 τάξινοιαὶ
715 806 764 871 τὸν
786 805 876 871 δειλδν
899 806 1010 891 ὁμοίως)
1033 807 1094 870 tria
1115 805 1280 891 distinguit
1303 808 1359 871 cri·

273 917 373 995 mina3
397 940 475 1002 quae
498 918 685 1003 paulopost
708 917 768 981 alio
790 923 927 981 recenset
950 916 1073 982 ordine:
1097 916 1145 982 τδν
1162 915 1358 998 ἀστοάτευτου

273 1028 323 1094 καὶ
354 1029 402 1095 τὸν
431 1028 521 1094 δειλὸν
543 1028 593 1094 καί
615 1028 665 1095 τδν
686 1028 812 1094 λιπίυτα
832 1029 885 1104 τὴν
907 1027 1001 1105 τάξιν.
1044 1029 1086 1094 nt
1107 1030 1226 1095 Andoc.
1247 1032 1277 1094 1.
1298 1032 1355 1096 ld:

274 1141 369 1206 ὅπίσοι
395 1140 504 1206 λίποιεν
530 1141 583 1215 τὴν
605 1137 703 1217 πάξιν,
727 1139 744 1215 ἢ
767 1140 946 1219 ἀστρατείας
968 1139 986 1216 ἢ
1007 1140 1115 1214 δειλίας
1131 1140 1148 1217 ἢ
1163 1140 1355 1221 ἀναυμαχίου

270 1250 399 1334 ίφλοιεν,
424 1251 441 1326 ἢ
464 1253 516 1320 τὴν
538 1249 651 1315 ἀσπιδα
670 1247 857 1328 ἀποβάλοιεν.
889 1247 949 1313 Sed
971 1250 1004 1313 in
1026 1249 1075 1314 his
1098 1251 1251 1316 rhetorica
1266 1274 1356 1337 quae·

271 1362 342 1426 dam
375 1362 497 1433 δείνωσις
531 1365 594 1437 est;
630 1359 732 1423 omnia
766 1359 847 1423 enim
881 1358 921 1423 ad
954 1359 1017 1424 duo
1050 1360 1105 1425 illa
1139 1362 1241 1448 capita
1272 1383 1356 1427 revo-

271 1474 369 1538 canda
399 1479 487 1551 sunt,
520 1493 650 1557 quorum
678 1470 762 1556 prius
786 1471 972 1554 (ἀστοατεία)
995 1471 1209 1556 complectitur
1231 1473 1356 1558 eosqui

270 1585 396 1650 nomina
429 1605 492 1648 non
526 1581 617 1658 dant3
653 1581 784 1644 alterum
814 1581 929 1666 (δειλία)
960 1582 1089 1666 eosqui
1110 1582 1253 1649 militiam
1275 1584 1357 1669 dese·
1385 1573 1392 1583 ’

271 1702 360 1773 runt3
391 1691 562 1769 λιποταξίου
592 1713 703 1756 nomen
726 1691 866 1775 generale
889 1703 935 1755 est
959 1698 990 1755 et
1012 1714 1172 1758 commune
1195 1695 1355 1778 utriusque

271 1806 416 1871 criminis.
454 1803 564 1888 ltaque
584 1823 654 1865 cum
670 1801 832 1883 ἀστρατείοι
847 1802 1042 1886 componitur
1057 1826 1076 1866 a
1089 1801 1234 1891 Lycurgo
1249 1803 1352 1870 Leocr.
1455 1874 1458 1887 ¹

270 1919 382 2004 §1472
406 1911 573 1990 λιποταξίου
596 1912 625 1976 δὲ
647 1911 697 1977 καὶ
715 1913 892 1993 ἀστρατείας
912 1915 944 1977 οὐ
963 1916 1126 1995 παρασχὼν
1146 1916 1180 1981 τὸ
1195 1921 1283 1992 σῶμα
1300 1914 1353 1980 τά-

271 2028 321 2107 ξαι
344 2034 404 2100 τοῖς
426 2031 611 2107 στρατηγοῖς.
658 2023 699 2087 Et
722 2022 760 2087 de
783 2022 903 2087 deserta
924 2022 1035 2087 militia
1057 2025 1179 2109 saepius
1203 2033 1250 2090 est
1272 2024 1352 2110 apud

271 2140 360 2204 Dem.
391 2138 424 2202 in
450 2135 589 2201 Midiana
610 2133 706 2199 veluti
728 2136 746 2219 p
769 2136 833 2197 164
857 2133 911 2198 ubi
933 2133 1063 2213 Midiae,
1088 2136 1143 2220 qui
1165 2137 1237 2200 navi
1260 2136 1351 2200 simul

271 2251 442 2337 praefectus
473 2254 503 2311 et
534 2244 719 2331 hipparchus
751 2251 832 2322 erat,
861 2244 983 2322 obiicit,
1009 2246 1092 2329 quod
1115 2269 1151 2310 ea
1173 2255 1259 2333 parte
1282 2247 1353 2314 belli

272 2383 390 2446 semper
423 2356 592 2434 militabat,
628 2354 683 2419 nbi
715 2354 816 2418 minus
847 2361 911 2419 erat
941 2356 1122 2440 periculum.
1168 2357 1219 2421 Ad
1249 2359 1354 2423 δειλίαν

272 2472 405 2559 pertinet
427 2472 460 2535 τὸ
482 2470 623 2551 ῥίψασπιν
644 2462 726 2532 είυαι.
772 2464 822 2530 Sic
845 2465 1013 2530 Aeschines
1036 2467 1069 2531 in
1089 2467 1267 2533 Timarchea
1281 2471 1298 2555 d
1313 2471 1351 2532 29

272 2587 324 2659 τὴν
343 2581 520 2663 ἀστρατείαν
543 2600 697 2664 exponens
720 2576 819 2642 verbis
841 2576 882 2642 τά
905 2574 986 2642 ἀπλα
1007 2580 1050 2656 μὴ
1073 2579 1197 2645 τίθεσίιιι
1216 2580 1286 2660 ὑπὲρ
1304 2588 1355 2655 τῆς

272 2695 401 2777 πόλεως,
432 2713 487 2778 pro
517 2692 569 2764 rba
598 2688 712 2754 ἀσπίδα
738 2687 980 2766 ἀποβεβληκέναι
1003 2693 1150 2771 tanquam
1171 2689 1354 2768 ἰσοδυναμοῦν

273 2803 450 2871 substituit:
475 2802 522 2867 διά
544 2800 651 2865 δειλίαν
669 2788 712 2878 μὲι
731 2797 850 2862 δυνατὸν
867 2795 938 2863 εἶναι
955 2795 1114 2877 ἐπαμῦναι.
1150 2800 1354 2882 Ἀναυμαχίου

272 2916 355 2982 idem
378 2914 471 2979 luisse
493 2913 526 2976 in
549 2909 661 2975 militia
682 2907 785 2973 navah
808 2907 891 2991 quod
913 2909 1075 2990 ἀστοατεία
1098 2908 1158 2973 fuit
1172 2909 1206 2974 in
1221 2909 1354 2975 terrestri

274 3032 407 3115 apparet.
454 3022 565 3087 Omnia
594 3021 691 3105 igitur
722 3040 799 3103 quae
830 3019 1023 3084 constituunt
1044 3020 1211 3098 λιποτάξιον
1234 3022 1272 3087 ab
1295 3023 1354 3085 An·

273 3139 381 3206 docide
408 3139 641 3201 commemorata
663 3130 702 3196 ad
725 3131 909 3194 alterutrum
932 3136 1024 3215 caput
1046 3132 1211 3216 pertinent.
1249 3132 1290 3196 Et
1311 3132 1351 3196 sic

273 3253 397 3318 demum
418 3247 526 3333 Lysias
550 3246 567 3330 ξ
591 3247 608 3310 7
633 3242 734 3307 dicere
756 3241 859 3327 potuit
882 3240 1074 3307 Alcibiadem
1097 3243 1199 3307 solum
1221 3244 1353 3308 omnium

272 3358 526 3434 Atheniensium,
558 3376 656 3439 quum
686 3352 864 3432 ἀστρατείας
895 3357 925 3416 et
947 3352 1055 3424 δειλίας
1079 3360 1182 3438 posset
1205 3354 1352 3432 accusari,

273 3481 380 3542 contra
402 3476 491 3537 lotam
514 3466 614 3551 legem
636 3483 786 3549 peccasse.
824 3461 923 3527 Nulla
937 3464 1034 3548 igitur
1050 3486 1142 3529 causa
1157 3473 1204 3529 est
1218 3487 1275 3530 cur
1289 3487 1353 3530 cum

272 3585 397 3653 librario
428 3580 495 3646 cod.
525 3577 560 3644 O.
588 3575 756 3654 λιποταξίου
783 3575 971 3640 mentionem
994 3576 1106 3640 iterum
1128 3579 1145 3662 d
1169 3578 1185 3642 7
1212 3576 1354 3642 desidere·

273 3720 360 3775 mus,
392 3693 446 3758 ubi
473 3712 570 3775 quum
598 3688 632 3751 in
661 3686 692 3750 X
723 3686 778 3749 sit:
808 3684 987 3767 ἀστρατείας
1015 3687 1069 3764 μὲν
1099 3687 1158 3766 adp
1185 3685 1298 3761 δικαίως
1320 3684 1353 3752 ἀν

275 3809 361 3875 αὐτὸν
380 3808 489 3872 ἀλῶναι
508 3800 552 3867 ὅτι
571 3798 585 3864 ὃ
604 3796 824 3874 καταλέγεις
843 3797 857 3860 δ
877 3797 994 3877 πατιίο
1012 3799 1063 3861 οὐκ
1078 3795 1179 3873 ε’ξῆλίε
1194 3797 1258 3874 μεθ’
1270 3799 1353 3877 indu,

272 3917 499 3986 Laurentianus
526 3911 551 3977 Ο
579 3910 664 3974 dedit
686 3911 717 3974 οὐ
739 3906 904 3991 carehim,
927 3906 1113 3983 λειποταξίου
1135 3906 1165 3972 δὲ
1187 3904 1248 3993 ὅτι,
1270 3906 1353 3972 nimi·

272 4055 341 4099 rum
364 4027 447 4115 quod
470 4024 630 4109 inscriptio
653 4018 837 4096 λειποταξίου
861 4018 986 4083 haberet
1007 4010 1101 4103 idipue
1124 4017 1279 4083 commode
1301 4036 1351 4102 pro

273 4141 425 4228 corruptis
452 4136 602 4204 substitui
630 4155 718 4219 posse
746 4130 908 4195 videretur.
956 4129 1016 4195 Sed
1043 4130 1162 4215 egregio
1185 4128 1351 4214 Stephanus

273 4253 445 4321 emendavit
460 4249 650 4314 Palatinum:
669 4242 908 4320 dicaesariensis
927 4241 1060 4316 ὄπλίτιις.
1095 4239 1177 4305 Nam
1194 4246 1350 4307 ΟΠΑΤΗΡ

272 4376 303 4432 et
326 4374 511 4432 ΟΠΛΙΤΗΣ
534 4360 585 4424 vix
608 4358 689 4421 inter
710 4376 743 4419 se
762 4353 916 4418 differunt.
957 4351 1062 4416 Minus
1080 4351 1210 4416 feliciter
1228 4346 1349 4416 correxit

272 4479 352 4544 idem
383 4478 473 4542 finem
504 4476 521 4559 t
551 4474 580 4549 7,
612 4469 666 4533 ubi
697 4467 726 4531 X
754 4464 861 4530 habet:
892 4462 999 4536 δειλίας
1030 4461 1075 4545 δέ,
1105 4460 1148 4529 ὅτι
1171 4463 1216 4528 δεῖ
1234 4461 1347 4528 ἕκαστον
