3002 5240
639 482 680 543 41

122 681 188 752 ἐμοῦ
211 677 293 759 acida
315 683 364 743 οὐκ
387 680 560 759 αἰσχύνεται
583 705 610 743 α.
633 705 659 743 τ.
683 682 706 745 ἕ.
747 680 839 745 Nunc
858 702 929 743 uero
946 702 1024 764 quae
1040 680 1200 766 leguntur:

121 787 188 853 ὥστε
219 792 271 854 οὐκ
301 790 474 871 αἰσχύνεται
505 794 625 871 τραῦμα
654 791 683 855 τ’
706 792 849 873 θνομόζιον
871 791 912 856 τόν
936 794 1052 857 ὑπώπια
1076 816 1103 856 κ.
1126 816 1154 854 τ.
1179 792 1202 855 ἑ.

122 901 206 963 nimis
240 901 329 964 exilia
353 911 426 965 sunt
450 909 519 986 post
542 925 632 986 grave
655 903 732 966 illud
759 903 882 967 verbum
907 903 1147 983 βαρυδαιμονίας.

160 1010 236 1074 Post
258 1013 275 1095 d
301 1014 338 1074 11
372 1011 476 1076 deesse
508 1013 656 1096 quaedam
680 1013 758 1077 vidit
780 1014 839 1078 iam
863 1013 1044 1091 Scheibius3
1069 1036 1137 1077 nam
1156 1038 1203 1077 τε·

120 1122 238 1202 αρνρίων
259 1130 292 1185 et
309 1129 482 1203 μαρτυριῶν,
504 1126 617 1208 quaeq
644 1127 682 1187 la
702 1127 925 1202 memorantur,
947 1127 979 1189 in
996 1124 1202 1210 superioribus

120 1256 169 1296 1166
204 1233 275 1297 vola
309 1242 355 1297 cst
389 1257 445 1298 nec
478 1235 650 1320 vestigium.
698 1235 854 1316 Quaedam
888 1237 977 1300 ctiam
1008 1236 1128 1301 bravius
1160 1235 1203 1299 ibi

120 1352 407 1424 commemorantur,
432 1369 510 1430 quae
533 1357 658 1433 apparat
682 1347 780 1411 fusius
804 1370 896 1432 supra
919 1347 1013 1411 relata
1027 1347 1138 1424 fuisse,
1155 1370 1202 1409 vc-

119 1454 174 1518 luti
196 1479 269 1520 cum
293 1456 375 1521 dicat
397 1457 439 1523 ἔτι
463 1458 491 1523 δὲ
519 1461 669 1542 (κατεῖπεν
685 1458 732 1543 όον)
750 1461 774 1524 ει’
790 1459 1054 1541 μεταπεμφθέντες
1070 1459 1202 1535 ἤλθομεν,
1290 1525 1291 1528 ,

120 1577 240 1651 apparet
264 1568 387 1632 finxisse
410 1592 496 1633 reum
519 1593 551 1634 se
575 1570 612 1633 ab
628 1577 729 1634 actore
744 1569 839 1633 fuisse
855 1569 1033 1633 arcessitum
1049 1569 1098 1652 (cf.
1115 1571 1132 1653 q
1150 1571 1202 1653 15)

120 1700 176 1741 non
206 1687 317 1764 sponte
349 1681 482 1758 venisse,
515 1680 547 1744 id
579 1681 661 1765 quod
696 1681 729 1745 in
759 1682 932 1744 narratione
963 1681 1061 1745 fusius
1092 1679 1202 1764 exponi

121 1788 232 1854 debuit.
281 1790 340 1855 Sed
372 1814 407 1855 ca
437 1792 600 1856 omissione
631 1800 701 1856 autc
731 1794 748 1877 d
774 1794 812 1854 ia
845 1791 937 1855 semel
953 1773 955 1779 Ι
970 1791 1050 1855 iacta
1072 1790 1109 1854 ad
1134 1791 1204 1853 illu·

120 1901 240 1965 stranda
272 1913 303 1966 et
333 1903 506 1989 supplenda
537 1904 591 1967 illa
621 1926 699 1987 quae
730 1902 950 1986 sequebantur,
974 1924 1055 1965 nunc
1079 1901 1203 1986 quidem

121 2009 294 2092 obscurata,
320 2014 470 2100 quaedam
493 2014 530 2079 ab
553 2016 719 2100 interprete
743 2013 875 2098 quodam
900 2013 1004 2077 addita
1027 2035 1092 2077 esse
1115 2022 1201 2098 puto.

120 2121 215 2206 Verba
245 2135 321 2189 sunt
352 2126 442 2190 haec:
466 2124 537 2202 οὶξιῶ
561 2127 585 2190 δ’
600 2124 662 2191 όπον
684 2125 720 2190 όιν
740 2125 857 2202 ἐγένετο
880 2131 996 2201 σημεῖον
1019 2125 1111 2205 τούτῳ
1135 2126 1202 2206 πρὸς
1293 2190 1301 2201 ,

122 2345 175 2421 ἐμοὶ
205 2350 359 2429 τεκμήριον
388 2347 520 2424 γενέσθαι
547 2346 590 2412 ότι
621 2349 651 2412 οὐ
675 2347 836 2428 ψεύδομαι,
862 2348 944 2432 [διότι
968 2345 1046 2420 οὗτος
1069 2350 1119 2412 οὐκ
1142 2346 1202 2421 ν’θέ-

123 2471 200 2532 λησεν
224 2462 259 2524 ἐκ
282 2466 334 2531 τῆς
357 2460 500 2540 οὶνθριόπου
524 2460 695 2534 ποιήσασθαι
720 2459 767 2523 τόν
790 2459 946 2543 daemon]
970 2460 1019 2523 aci
1043 2462 1084 2536 (ab
1104 2465 1202 2524 τοσοῦ-

123 2592 162 2632 τον
183 2572 312 2651 ἰσχῦσαι
336 2573 401 2642 τοὺς
422 2572 523 2661 τούτου
547 2570 651 2646 λόγους
675 2569 717 2634 ότι
740 2570 829 2651 φησὶν
853 2571 943 2643 αὐτὴν
960 2570 1105 2649 ἐλευθέραν
1120 2565 1201 2635 εἶναι.

122 2677 154 2743 11
174 2682 212 2745 iis
237 2704 318 2768 quae
342 2680 520 2746 exciderunt
543 2680 657 2744 montio
681 2687 745 2744 crat
768 2681 847 2744 iacta
870 2680 907 2745 de
924 2681 1035 2746 anciila
1050 2681 1087 2746 ab
1103 2687 1204 2747 actore

123 2792 154 2855 ad
187 2793 401 2877 quaestionem
435 2799 590 2869 recusata,
622 2801 653 2856 ct
671 2815 719 2859 aa
750 2816 828 2878 quae
859 2816 950 2879 supra
982 2795 1082 2879 posita
1113 2805 1203 2872 sunt,

123 2905 234 2968 omissis
269 2903 384 2981 verbis,
418 2900 495 2987 quae
522 2903 611 2967 uncis
634 2904 763 2981 inclusi,
788 2903 861 2967 satis
885 2913 969 2968 erant
991 2906 1151 2990 perspicua
1174 2915 1205 2970 ct

122 3014 215 3097 plana.
266 3014 414 3079 Periodus
448 3022 550 3079 autam
579 3007 726 3079 ut‘nunc
757 3015 849 3099 vulgo
880 3014 1008 3098 legitur,
1041 3027 1087 3079 est
1113 3016 1203 3080 nimis

123 3136 239 3191 onorata
266 3132 296 3189 ct
319 3125 397 3189 male
421 3126 541 3202 vincta3
565 3126 727 3213 116111διότι
752 3149 805 3210 pro
829 3124 870 3190 ότι
895 3125 1055 3208 aliquoties
1080 3128 1117 3190 ab
1140 3127 1204 3192 lso·

123 3244 198 3300 crate
220 3244 292 3323 post
314 3237 405 3302 verba
427 3236 597 3318 θαυιαόζειν,
620 3238 817 3316 ἐνθυμεῖσθαι,
842 3241 945 3312 γνῶναι
966 3236 1099 3320 positum
1116 3237 1204 3321 (Beu-

124 3346 208 3425 seler,
241 3348 334 3433 praef.
359 3348 391 3426 Ι,
416 3372 445 3434 p.
471 3351 499 3434 v)
531 3347 639 3434 Lysiae
671 3370 732 3411 nou
764 3346 997 3411 adscribendum
1028 3354 1090 3424 est,
1120 3349 1203 3433 apud

124 3479 209 3540 quem
231 3460 341 3524 merito
364 3461 540 3524 restitutum
567 3462 615 3524 16.
636 3462 652 3525 7
676 3465 781 3536 γνῶναι
802 3457 844 3524 ότι
861 3456 1010 3544 [ν1οδιότι.
1045 3458 1204 3524 Praeterea

124 3567 286 3635 infinitivus
310 3572 433 3650 ἰσχῦσαι
457 3581 526 3655 post
548 3570 639 3634 verba
662 3571 729 3635 διότι
753 3608 797 3619 -
820 3570 866 3635 τὸν
893 3569 1037 3650 ἔλεγχον,
1062 3570 1121 3633 alio
1136 3570 1202 3633 infi-

125 3679 213 3744 nitivo
244 3683 440 3766 (ποιήσασθαι)
469 3683 668 3767 interposito,
703 3683 804 3746 minus
836 3682 992 3746 commode
1028 3704 1096 3745 cum
1130 3679 1201 3756 αξιῶ

124 3788 264 3876 iungitur.
301 3793 348 3858 Dc
371 3794 581 3858 emendatione
605 3804 827 3879 postremorum
851 3793 1070 3857 vocabulorum
1089 3790 1130 3858 ότι
1146 3803 1203 3875 φν-

126 3900 163 3964 cb
191 3926 253 3968 nou
281 3905 362 3990 apud
384 3928 432 3971 1116
453 3914 572 3971 constat
579 3933 588 3984 3
612 3906 739 3969 fortasse
762 3904 925 3991 legendum
948 3903 996 3968 ότε
1011 3903 1110 3984 φυτόν.
1142 3902 1201 3968 Sed

126 4009 274 4096 aliquanto
305 4018 433 4081 certiora
461 4018 498 4080 de
528 4016 672 4101 proximis
704 4023 835 4080 statuere
866 4037 1047 4100 possumus:
1078 4016 1200 4092 ὁμοίως

127 4123 188 4203 νόιρ
217 4129 380 4207 προςήκει
411 4129 520 4205 adnot
551 4136 616 4201 τῆς
647 4129 864 4208 ἐλευθερίας,
896 4127 934 4191 τὸ
965 4125 1022 4190 ι”οον
1048 4125 1201 4192 καταθέντι

128 4234 258 4317 θρνθριον.
289 4241 374 4304 αλιυδ
403 4240 543 4319 ψεύδεται
567 4239 616 4303 καὶ
640 4242 690 4305 οὐκ
712 4240 804 4314 οὶλνθῆ
827 4239 924 4315 λέγει,
949 4260 1027 4322 quae
1050 4260 1112 4301 non
1135 4260 1202 4322 pos·

107 4358 194 4411 'sunt
216 4350 299 4415 aliud
324 4351 493 4436 significare
517 4372 624 4435 qnam:
650 4373 720 4414 uam
745 4373 800 4434 636
824 4371 918 4433 acque
940 4348 1114 4434 „particeps
1134 4372 1202 4414 sum

131 4455 321 4531 „libertatis”
363 4462 400 4527 Id
430 4485 501 4526 vero
530 4462 621 4549 plane
653 4462 795 4527 alienum.
842 4459 1020 4544 Lugendum
1051 4468 1103 4534 τῆς
1126 4462 1201 4527 απε-
