2958 5238
796 423 859 483 146

286 623 355 706 quis
379 621 471 685 semel
495 619 643 704 deliquit,
667 640 731 682 uno
755 623 834 681 certe
858 618 962 703 aliquo
982 625 1118 703 tempore
1134 619 1250 682 factum
1268 619 1306 683 sit
1322 639 1366 680 ne-

284 753 366 795 eesse
383 738 437 793 est.
464 728 651 792 Affirmative
663 727 746 791 dicta
757 729 832 791 haee
844 728 1003 791 continent
1014 728 1237 792 confessionem
1249 729 1365 804 erroris,
1458 731 1459 736 ’

283 840 336 904 sed
360 840 451 904 simul
475 840 728 924 deprecationem.
776 837 860 901 Haec
892 839 947 922 qui
970 839 1094 923 scripsit
1116 838 1226 924 Lysiae
1250 861 1367 904 consue·

281 950 423 1015 tudinem
453 948 576 1013 dicendi
605 950 743 1012 imitatus
776 955 839 1025 est,
864 948 918 1011 sed
942 949 1035 1012 simul
1058 949 1090 1012 in
1114 950 1202 1034 peius
1225 949 1366 1025 mutavit,

282 1062 320 1124 cf.
346 1064 398 1123 31.
428 1063 459 1123 l:
483 1063 541 1138 οὐχ
563 1058 591 1123 iu
614 1085 642 1124 τι
659 1058 743 1135 μόνον
759 1059 844 1123 aaut
861 1062 961 1125 πολλοὶ
976 1064 1119 1140 τολμηρός
1136 1064 1224 1126 ἐστιν.
1251 1065 1302 1124 24.
1316 1062 1365 1123 13:

282 1173 360 1247 ὑμᾶς
384 1173 520 1248 crepam
544 1170 647 1233 πείθειν
670 1169 821 1241 τοσούτους
845 1165 1068 1252 11111ςεῖςῶ1,
1093 1170 1131 1234 cf.
1155 1170 1197 1234 ib.
1224 1173 1267 1232 22
1291 1177 1319 1233 et
1341 1172 1365 1231 9.

281 1280 427 1344 Eiusdem
451 1281 565 1343 farinae
589 1287 635 1343 est
657 1281 674 1363 1
700 1281 756 1342 16;
782 1281 830 1343 καὶ
855 1281 878 1342 εἰ
902 1281 983 1343 οούτοὶ
1007 1287 1134 1345 τοσοῦτοι
1155 1279 1234 1353 ὄντες
1254 1304 1281 1345 κ.
1300 1305 1328 1344 τ.
1346 1279 1365 1342 ἐ.

325 1390 384 1454 Sed
408 1391 483 1454 haec
506 1390 616 1475 opinor
639 1390 712 1452 satis
736 1389 911 1473 speciminis
934 1389 1012 1453 loeo.

325 1499 363 1563 In
394 1498 567 1564 definienda
597 1521 688 1562 causa
717 1521 779 1562 non
810 1499 913 1562 minus
937 1522 1065 1583 magnae
1089 1500 1276 1564 oboriuntur
1298 1499 1367 1563 diffi-

280 1612 418 1674 cultates.
470 1613 527 1674 Ter
551 1631 673 1673 causam
697 1608 775 1672 dixit
798 1608 1002 1693 Polystratus.

324 1719 428 1783 Prima
451 1743 543 1783 causa
566 1727 611 1782 est
634 1717 758 1803 Oropia.
806 1718 932 1782 Prodita
955 1728 1001 1783 est
1021 1719 1143 1804 Oropus
1168 1718 1220 1785 Ol.
1237 1720 1364 1784 XOIl.l

279 1829 317 1892 ad
348 1830 439 1893 finem
470 1838 612 1913 vergente
640 1829 720 1915 (411
746 1852 772 1892 1.
797 1828 844 1912 O.)
868 1829 960 1913 paulo
984 1836 1054 1893 ante
1079 1830 1186 1914 populi
1209 1831 1366 1915 imperium

279 1940 443 2003 sublatum.
492 1938 599 2018 Quum
621 1938 816 2023 Thucydides
839 1940 925 2003 illam
949 1940 1152 2024 proditionem
1178 1943 1293 2005 factam
1308 1962 1366 2004 esse

279 2050 361 2113 dicat
391 2055 583 2119 τελευτῶντος
606 2049 656 2124 ἤδη
680 2054 731 2113 τοῦ
753 2055 894 2129 χειμῶνος
918 2048 1021 2132 (VIII.
1048 2052 1122 2131 60),
1148 2052 1298 2135 populare
1322 2072 1367 2112 au·

278 2167 341 2223 tem
364 2160 525 2244 imperium
550 2158 706 2222 sublatum
731 2159 771 2220 sit
793 2158 1365 2245 1111111111,11111111111111111111

280 2269 331 2352 (cf.
361 2267 508 2344 01111111,
539 2266 597 2351 Ilp.
632 2266 705 2331 belli
734 2267 839 2350 Pelop.
869 2290 899 2350 p.
925 2270 1007 2344 124,
1032 2268 1187 2332 Tritasche
1211 2269 1251 2333 ad
1276 2271 1365 2334 Arist.

278 2378 399 2441 Thesm.
424 2401 454 2462 p.
480 2380 574 2460 308),
598 2376 808 2460 Polystratus,
831 2379 969 2459 quamvis
986 2379 1091 2441 statim
1105 2386 1175 2462 post
1190 2376 1290 2464 Oropi
1306 2401 1367 2464 pro·

278 2490 427 2554 ditionem
457 2488 600 2566 redierit,
633 2495 733 2551 tamen
767 2488 823 2552 sub
856 2488 1090 2571 quadringentis
1121 2496 1284 2553 accusatus
1316 2495 1365 2552 est.

278 2599 489 2663 Damnatusne
512 2606 579 2661 tum
602 2598 695 2661 fuerit
717 2620 773 2661 uec
797 2621 835 2661 ne
859 2620 920 2661 non
945 2605 1073 2662 constat.
1110 2597 1157 2662 Of.
1182 2602 1199 2683 1
1223 2602 1242 2660 6
1266 2607 1297 2663 et
1318 2600 1365 2660 22.

324 2710 429 2774 Altera
459 2710 612 2773 accusatio
642 2708 814 2793 pertinebat
846 2708 884 2771 ad
917 2715 1032 2793 partem
1064 2732 1155 2793 quam
1179 2708 1366 2793 Polystratus

214 2901 217 2905 .
277 2821 427 2884 habuerat
452 2822 485 2884 in
512 2821 640 2904 imperio
664 2818 966 2903 quadringentorum.
1014 2819 1084 2904 Ipse
1107 2820 1139 2883 in
1164 2819 1366 2904 quadringen-

277 2932 317 2993 tis
341 2932 456 3007 fuerat,
481 2930 534 2995 sed
557 2931 656 2995 lectus
674 2939 738 2994 1111
758 2954 776 2994 1
796 2931 973 2994 tribulibus.
1008 2930 1103 2994 Plane
1120 2930 1153 2994 id
1169 2937 1290 3014 pugnat
1305 2949 1367 2992 cum

278 3041 316 3104 iis
349 3063 426 3124 quae
457 3039 531 3104 alibi
561 3039 727 3104 traduntur
757 3041 784 3124 (1
816 3043 853 3116 2,
878 3039 975 3103 Thuc.
996 3039 1089 3103 VIII.
1118 3043 1147 3103 6.
1175 3042 1216 3124 7).
1265 3039 1368 3121 Itaque

231 3162 234 3169 '
279 3150 477 3214 Hermannus
501 3150 635 3232 (Griech.
660 3149 886 3213 Staatsalterth.
912 3151 1097 3235 111111)
1121 3173 1193 3213 eum
1208 3151 1292 3214 inter
1306 3148 1368 3225 Scy·

276 3259 416 3341 γροοφέοος
446 3282 463 3322 1
503 3259 618 3344 populo
656 3259 769 3335 lectos,
814 3281 946 3343 quorum
989 3259 1117 3322 consilio
1150 3255 1363 3342 quadringenti

279 3368 418 3431 instituti
441 3369 521 3444 sint,
541 3368 635 3431 luisse
653 3376 756 3452 putat3
781 3368 818 3431 11.
835 3368 931 3431 Thuc.
949 3367 1041 3432 VIII.
1061 3370 1112 3433 67.
1150 3367 1250 3431 Nobis
1269 3374 1367 3431 contra

281 3477 413 3540 videtur.
449 3476 578 3561 Peregre
598 3477 679 3540 euim
698 3477 793 3540 fuisse
810 3476 1019 3559 Polystratum
1039 3498 1100 3559 quo
1118 3484 1256 3560 tempore
1273 3495 1367 3559 respu-

278 3586 359 3650 blica
373 3588 407 3650 iu
426 3588 720 3672 quadringentorum
739 3594 922 3672 potestatem
938 3588 1126 3671 perveniret,
1140 3586 1310 3651 secundum
1321 3605 1364 3658 ea,

277 3718 356 3780 quae
379 3695 469 3760 modo
494 3696 643 3774 diximus,
668 3696 833 3759 admodum
860 3694 1017 3780 probabile
1038 3703 1101 3773 est3
1123 3696 1232 3779 utique
1249 3702 1365 3760 1111111-

235 3825 237 3831 ’
278 3828 351 3890 pore
374 3828 436 3889 quo
459 3807 586 3872 infamia
608 3804 724 3890 Oropia
743 3805 955 3891 premebatur,
972 3828 1035 3869 non
1050 3804 1247 3887 ξογγρωφεύς
1263 3804 1363 3868 fuisset

277 3917 402 3980 electus
448 3915 579 3980 Ratione
603 3914 708 3980 habita
731 3938 836 3979 eorum
860 3938 938 3998 quae
961 3915 1054 3978 resert
1074 3913 1270 3998 Thucydides
1286 3935 1309 3975 1.
1327 3910 1361 3971 93

277 4048 324 4089 111
355 4026 459 4108 potius
489 4026 534 4089 111
563 4048 594 4087 11
626 4025 769 4088 11111111
802 4024 940 4101 videtur,
966 4033 1001 4087 ut
1024 4025 1120 4087 111111
1144 4024 1206 4086 iam
1229 4018 1363 4105 quadrin-

276 4144 438 4220 gentorum
463 4135 591 4219 imperio
616 4133 733 4217 collega
756 4132 793 4197 ab
818 4133 866 4197 his
890 4133 1043 4209 adscitus,
1062 4132 1154 4197 simul
1171 4127 1361 4195 atribulibus

275 4246 463 4322 aavatoyeo'c
494 4245 534 4308 sit
564 4251 683 4307 creatus
708 4245 737 4328 (1
762 4246 824 4327 14).
870 4242 995 4306 Ilenim
1019 4264 1115 4326 quum
1139 4240 1268 4305 discidio
1291 4239 1362 4301 iuter
1458 4227 1459 4232 ¹

277 4356 517 4440 quadringentos
541 4361 608 4417 orto
632 4353 834 4418 Theramenes
859 4353 1018 4438 castellum
1041 4353 1072 4415 in
1098 4351 1243 4415 Iletionea
1270 4349 1361 4412 demo·
1458 4333 1459 4396 ἒ
