2958 5238
625 468 663 531 97

98 688 159 743 γειν
184 661 424 747 ἀναγκάζοντες,
449 662 690 747 τροςγράψασώαι
713 664 779 732 τότε
802 665 848 732 ἐτ’
872 663 1038 750 αὐτοφώρῳ.
1085 662 1188 729 Unde·

97 775 215 840 cimviri
246 798 314 841 non
345 775 407 841 dici
436 782 567 862 possunt
595 779 697 842 iubere
719 799 841 843 canaam
863 777 902 842 ad
926 799 1016 842 suum
1037 774 1189 840 iudicium

98 884 208 950 deferri
214 911 224 964 3
258 886 377 951 nemini
407 885 469 951 tale
499 885 573 971 quid
603 887 769 973 praescribi
791 896 893 974 potest
915 887 949 952 in
971 886 1112 963 civitate,
1137 883 1190 949 ubi

97 1000 110 1063 ὃ
138 998 321 1077 βουλόμενος
348 1003 488 1075 accusat,
512 997 627 1062 nedum
649 998 687 1063 ab
711 1020 746 1062 eo
770 1000 825 1085 qui
847 997 997 1063 iudicium
1019 996 1085 1082 ipse
1108 1017 1190 1060 exer-

98 1114 161 1187 cet3
186 1116 324 1193 possunt
346 1129 417 1173 vero
440 1107 573 1186 iudices,
598 1108 673 1173 dum
694 1110 837 1174 reiiciunt
860 1131 999 1186 causam,
1021 1105 1113 1172 simul
1127 1127 1191 1169 mo·

97 1241 167 1284 nere
191 1219 273 1305 quid
296 1219 329 1283 in
352 1217 483 1283 formula
505 1219 689 1283 accusatoris
711 1220 893 1284 mutandum
917 1219 967 1284 sit.
1005 1216 1075 1281 Hoc
1099 1214 1189 1280 verbo

98 1328 284 1411 ἀναγκάζειν
318 1329 509 1414 significatur
516 1355 526 1408 3
557 1330 619 1395 talo
646 1331 799 1394 monitum
828 1331 891 1397 vim
920 1329 1013 1394 habet
1035 1326 1125 1405 iussi3
1149 1325 1188 1390 cf.

99 1439 179 1506 Isaai
202 1441 310 1505 locum
334 1461 352 1503 a
374 1438 631 1505 Rauchensteinio
654 1440 843 1526 adscriptum
867 1443 918 1506 10.
942 1442 979 1504 2:
997 1435 1189 1516 ἠνάγκασμαι

101 1552 148 1627 τὴν
171 1550 292 1630 μητέρα
313 1551 366 1626 τὴν
388 1550 460 1628 ε’ριὶρν
483 1549 551 1631 apia
573 1560 610 1633 τῇ
633 1552 779 1631 ἀνακρίσει
801 1549 996 1632 Ἀριστάρχου
1019 1546 1190 1616 εἷναιάὐελ·

11 1642 13 1703 ἷ
100 1663 156 1744 φύν
179 1661 438 1744 τροςγράφασώαι.
480 1658 554 1725 Non
576 1668 679 1726 autem
702 1662 789 1747 iungi
811 1668 913 1748 potest
932 1662 956 1726 οἱ
973 1657 1090 1744 ἕνδεκα,
1107 1659 1190 1725 ἀτά-

103 1794 162 1848 γειν
187 1770 410 1853 ἀναγκάζοντες
433 1772 542 1846 δοκοῦσι
561 1770 821 1857 τροςγράψασώαι,
846 1794 907 1858 quo
930 1771 1010 1835 iacto
1037 1769 1098 1855 ipsi
1113 1767 1191 1833 dice·

102 1892 206 1947 rentur
228 1883 338 1948 fecisse
361 1904 439 1969 quae
462 1883 572 1947 actoris
593 1890 683 1962 aunt,
701 1884 754 1948 sed
770 1883 933 1948 cohaerent
949 1883 1039 1947 verba
1053 1878 1189 1957 ἀναγκά

103 1990 195 2073 ζοντες
226 1993 483 2076 τροςγράψασώαι.
529 1992 596 2058 Iam
625 2015 696 2058 vero
720 1993 891 2058 infinitivus
912 1991 1044 2071 ἀτάγειν
1066 1991 1190 2058 tolerari

103 2124 163 2168 non
178 2104 298 2189 poterit
313 2104 367 2168 sed
382 2125 438 2189 pro
455 2125 490 2168 eo
506 2103 756 2169 substituendum
770 2104 892 2168 videtur
901 2102 1072 2183 ἀτάγοντα.
1095 2103 1190 2169 Porro

104 2214 151 2278 οὐκ
182 2222 257 2280 ante
288 2214 406 2294 οέώμενοι
437 2215 513 2300 quin
543 2214 719 2279 addendum
748 2215 789 2279 ait
818 2215 944 2279 minimo
967 2214 1076 2280 dubito
1082 2239 1092 2293 ;
1117 2236 1190 2279 suaa

105 2324 183 2388 enim
214 2346 325 2390 causae
354 2326 421 2412 ipse
452 2326 600 2401 officeret,
630 2327 656 2390 si
678 2327 901 2392 undecimviros
924 2329 1060 2413 Agorato
1083 2326 1191 2393 favisae

104 2431 266 2514 fateretur3
298 2442 391 2520 atque
421 2438 466 2501 ita
495 2436 555 2502 iam
584 2436 732 2523 Taylorus
764 2445 795 2502 et
817 2437 1029 2503 Marklandua.
1074 2437 1191 2503 Verum

106 2543 128 2606 si
153 2548 204 2612 οὐκ
236 2553 283 2611 eat
314 2545 507 2626 addendum,
539 2549 590 2613 vix
620 2548 680 2614 καὶ
713 2547 946 2631 διισχυριζόμενοι
976 2550 1078 2614 locum
1100 2571 1190 2615 auum

104 2656 179 2720 tueri
206 2657 340 2743 poterit3
364 2679 420 2743 pro
444 2679 480 2722 oo
503 2657 656 2744 Sauppius
681 2666 711 2723 et
733 2657 969 2725 Rauchenstein.
992 2659 1078 2726 ἀλλά
1098 2658 1189 2742 ὐιισχ.

107 2763 312 2847 substituunt3
337 2767 391 2832 aed
415 2768 517 2854 ipsum
538 2769 666 2841 verbum
688 2769 907 2851 διισχυρίζεσθαι
925 2764 1016 2857 supra
1033 2774 1051 2857 p
1067 2772 1107 2835 85
1124 2771 1190 2852 bis,

108 2880 133 2936 c
160 2899 270 2943 rursus
303 2877 382 2943 infra
408 2880 425 2964 ᾧ
449 2880 490 2942 88
513 2878 627 2944 lectum
650 2879 709 2943 hoc
732 2877 857 2964 quidem
879 2879 947 2945 loco
970 2902 1032 2945 non
1055 2887 1126 2968 apte
1147 2883 1191 2948 vi·

108 2981 193 3051 detur
224 2989 264 3052 de
293 2988 449 3054 iudicibus
480 2989 613 3069 dictum,
646 3011 778 3075 quorum
807 3011 871 3054 non
900 2996 946 3054 est
968 3012 1137 3057 asseverare
1160 3002 1191 3058 et

106 3115 301 3184 propugnare
335 3099 390 3164 aed
423 3099 603 3187 simpliciter
637 3121 805 3185 proponere
840 3100 1033 3164 sententiam.
1086 3099 1191 3184 Quare

106 3202 267 3291 legendum
289 3209 352 3274 fere
373 3211 561 3296 putaverim:
586 3208 694 3277 δοκοῦσι
717 3207 741 3273 δ’
764 3207 859 3288 ἔμοιγ’
881 3210 906 3274 οἱ
928 3206 1046 3289 ἕνύειια,
1061 3212 1086 3277 οἱ
1098 3235 1192 3296 ταρα-

106 3312 252 3398 δεξώμενοι
282 3322 335 3397 riv
363 3322 533 3400 ἀταγυγύν
562 3321 692 3399 ταύτην,
723 3323 773 3387 οὐκ
803 3320 919 3397 οἰόμενοι
942 3320 1093 3405 Ἀγοράτῳ
1115 3348 1191 3403 συμ·

105 3416 241 3504 τράττειν
266 3430 335 3497 τότε
359 3430 422 3516 [καὶ
447 3431 714 3518 διισχυριζόμενοι],
738 3432 838 3516 σφσύρ
860 3433 942 3515 ὀρθῶς
964 3441 1099 3511 ποιῆσαι,
1121 3445 1189 3501 Διο·

108 3535 193 3605 νώτιον
214 3543 270 3617 τὴν
292 3541 461 3619 ἀταγιογύν
483 3541 633 3620 ἀτάγοντ’
655 3542 873 3625 ἀναγιάζοντει
895 3542 1137 3628 praecidamus
1155 3546 1189 3613 τὸ
1286 3596 1294 3620 .

109 3646 150 3710 εἰτ’
179 3650 355 3735 αὐτοφώρῳ,
386 3651 553 3729 „videntur
580 3653 658 3718 mihi
684 3654 903 3734 undecimviri,
927 3656 981 3740 qui
1002 3654 1190 3722 admiserunt
1297 3702 1299 3707 -

111 3756 205 3834 „hanc
230 3763 432 3842 delationem,
457 3785 520 3828 non
542 3771 683 3850 putantes
707 3789 739 3830 se
762 3773 829 3831 tum
850 3767 985 3852 Agorato
1005 3767 1122 3847 favere,
1138 3790 1191 3855 op·

111 3869 199 3944 „iimo
223 3873 349 3952 fecisse,
374 3872 458 3958 quod
480 3873 663 3961 Dionysium
686 3876 869 3942 delationem
888 3877 1073 3945 deferentem
1088 3900 1191 3966 coege-

110 3993 196 4055 ,aunt
222 3983 394 4051 adscribere
417 3984 471 4049 illa
486 3986 532 4050 ἐτ’
548 3987 734 4070 αὐτοφώρῳ.”
757 3980 922 4072 Sequentia
937 3990 1056 4075 egregie
1071 3991 1191 4057 sanavii

110 4086 342 4162 Herwerdenus:
375 4092 420 4160 ἐτ’
452 4098 609 4179 αὐτοφώρῳ
640 4098 726 4183 (haec
747 4099 838 4164 verba
859 4099 982 4186 repetit)
1004 4099 1034 4165 δὲ
1055 4107 1117 4175 τῶς
1138 4104 1190 4169 οὐκ

111 4196 143 4264 ἂν
171 4207 231 4293 εἴη,
259 4207 350 4279 εἴτις
373 4212 481 4289 πρῶτον
503 4208 576 4288 μὲν,
598 4235 627 4276 ιι.
652 4235 681 4276 τ.
704 4212 746 4287 a,
769 4216 836 4274 tum
859 4212 889 4276 οὐ
911 4211 971 4291 γάρ
994 4211 1083 4289 δήπου
1104 4217 1191 4278 τοῦτο

115 4312 187 4383 μόνον
208 4308 266 4403 νοεῖ
283 4318 317 4384 τὸ
341 4317 389 4383 ἐτ’
412 4320 588 4403 αὐτοφώρῳ,
612 4345 640 4386 ιι.
664 4346 693 4388 τ.
717 4324 741 4386 ἑ.
764 4343 850 4399 „non
873 4319 954 4385 enim
978 4320 1036 4387 hoc
1058 4322 1118 4388 sibi
1138 4343 1190 4392 vo.

116 4421 196 4495 „lunt
217 4430 309 4497 verba
330 4427 384 4492 illa
406 4428 454 4494 ἐν)
472 4431 644 4516 αὐτοφώρῳ,
661 4431 687 4495 si
702 4433 771 4515 quis
787 4431 896 4498 baculo
911 4455 1002 4519 quem
1017 4439 1073 4500 aut
1087 4432 1190 4521 gladio

1050 4549 1069 4605 7
