3002 5240
307 676 473 738 orationem
496 673 534 737 de
556 682 664 737 trunco
687 671 770 735 oleae
793 671 893 734 exciso
914 672 1125 755 pronunciavit
1141 672 1195 753 (or.
1215 673 1245 754 7)
1265 669 1386 733 nullum

308 785 399 849 hahet
422 775 556 848 verbum¹
569 805 604 846 11
628 790 692 846 1111
715 804 770 846 sua
793 781 940 866 petitum,
964 783 1024 846 nisi
1047 782 1124 845 forte
1155 781 1282 845 dubium
1306 779 1385 844 illud

307 895 435 975 11111111
460 898 477 980 d
499 898 551 958 24.
588 894 682 958 Acuti
705 915 776 956 sane
800 900 887 957 eraut
909 893 1111 957 Athenienses
1134 892 1173 956 ad
1195 892 1278 956 iocos
1301 900 1332 956 et
1346 892 1388 956 f·

308 1007 400 1071 cetias
431 1005 728 1082 animadvertendas,
759 1004 813 1068 sed
842 1011 944 1068 tamen
974 1026 1030 1067 nos
1061 1026 1123 1068 non
1144 1004 1188 1068 ita
1210 1002 1334 1068 hebetes
1357 1012 1388 1067 et

307 1118 432 1182 obtusos
462 1118 495 1181 iu
518 1118 575 1181 hoc
598 1138 706 1201 genere
730 1115 886 1192 existimo,
910 1115 986 1199 quin
1008 1113 1107 1177 multo
1132 1114 1220 1199 plura
1241 1114 1387 1178 iocularia

307 1229 447 1293 debuisse
478 1228 538 1291 dici
559 1227 592 1291 in
615 1227 751 1290 oratione
775 1248 829 1310 pro
853 1225 971 1289 Olaudo
995 1226 1061 1309 (24)
1084 1232 1217 1289 statuere
1241 1225 1385 1303 audeam,

308 1341 333 1404 si
364 1339 468 1425 Lysias
498 1360 600 1402 senem
630 1337 785 1401 scurrilem
815 1336 855 1401 ob
886 1336 990 1399 oculos
1021 1358 1132 1422 ponere
1162 1337 1323 1415 voluisset,
1356 1344 1387 1401 11

307 1451 430 1515 omniuo
453 1450 554 1513 iocum
576 1448 732 1513 scurrilem
754 1471 861 1533 parum
884 1447 988 1512 decere
1004 1447 1208 1533 eloquentiam
1227 1448 1385 1513 forensem.

308 1560 367 1624 Sed
398 1559 456 1623 hoc
485 1559 597 1623 habent
628 1560 685 1623 hae
714 1559 864 1622 orationes
894 1559 974 1622 inter
1003 1582 1035 1623 se
1066 1565 1096 1622 et
1125 1581 1196 1624 cum
1227 1580 1278 1637 11,
1310 1581 1387 1643 quae

309 1679 354 1735 est
384 1670 421 1734 de
451 1671 538 1735 bouis
566 1671 780 1756 Aristophanis
803 1673 869 1756 (19)
893 1693 1068 1748 commuue,
1095 1670 1179 1756 quod
1202 1673 1256 1756 qui
1279 1671 1388 1735 dicunt

308 1782 472 1847 admodum
495 1783 621 1867 ingenui
644 1789 716 1847 sunt
739 1790 769 1846 et
792 1781 961 1867 simphces,
985 1788 1021 1845 ut
1044 1804 1139 1867 paene
1163 1781 1241 1846 fatui
1257 1780 1389 1845 ethardi

308 1893 477 1958 videantur.
513 1892 658 1957 Oratione
678 1893 807 1977 septima
822 1892 953 1976 agricola
968 1892 1100 1976 speciem
1116 1891 1293 1976 prudentiae
1309 1914 1390 1956 aver·

308 2012 393 2068 satur
422 2007 439 2089 q
464 2006 521 2067 12:
552 2001 608 2069 door
639 2029 678 2083 με
707 2004 846 2086 <adcursu
876 2003 962 2068 δεινὸν
991 1998 1063 2067 εἶναι
1093 2002 1141 2068 aa)
1165 2002 1241 2067 οὐδὲν
1270 2001 1305 2068 ἂν
1328 2003 1389 2084 εἰκῇ

308 2114 357 2179 aa}
381 2113 545 2191 ἀλογίστως
569 2123 702 2193 roraret,
731 2114 912 2192 ἠγανάκτουν
934 2109 980 2176 ἄν.
1016 2112 1116 2177 Ρ1111
1139 2114 1269 2178 stultum
1292 2114 1391 2178 videa-

308 2233 360 2289 tur
382 2225 464 2310 quod
487 2224 561 2288 dicit
583 2226 678 2302 serio,
702 2233 847 2308 tanquam
870 2223 1068 2288 affirmatione
1091 2224 1244 2311 indigeat,
1262 2247 1390 2311 eaquae

310 2344 398 2401 autea
428 2358 488 2399 non
512 2335 718 2413 exstitissent,
743 2342 812 2420 post
836 2333 934 2398 excidi
956 2355 1018 2397 non
1042 2335 1177 2419 potuisse
1200 2337 1228 2420 (b
1253 2338 1315 2419 11).
1350 2336 1389 2400 In

310 2447 462 2511 Simonem
485 2447 575 2511 verba
597 2447 710 2512 faciens
733 2447 764 2530 (3
788 2448 874 2531 aaa)
897 2446 1041 2524 affirmat,
1059 2448 1162 2532 fugere
1179 2470 1247 2526 eos,
1263 2447 1296 2512 in
1312 2470 1389 2533 quos

309 2559 440 2643 impetus
471 2558 537 2634 fiat,
568 2558 689 2642 insequi
720 2580 788 2636 101,
819 2559 872 2642 qui
900 2558 1042 2622 iniuriam
1069 2557 1265 2651 meditentur.
1311 2558 1388 2623 Rem

307 2670 431 2734 minime
454 2668 587 2734 dubiam.
625 2669 685 2734 Sed
707 2670 819 2734 tacitus
842 2690 897 2754 pro
921 2690 1062 2734 concesso
1079 2670 1190 2748 sumit,
1208 2693 1240 2734 se
1255 2670 1386 2755 fugisse,

308 2802 370 2843 non
398 2779 557 2864 petivisse,
582 2780 663 2865 quod
688 2780 817 2847 dubium
841 2781 965 2845 omnino
988 2787 1068 2859 erat3
1092 2794 1199 2846 contra
1221 2782 1329 2860 efficit,
1354 2791 1390 2846 ut

307 2891 341 2953 in
370 2912 401 2954 re
431 2890 554 2954 minime
584 2889 678 2957 dubia
707 2891 798 2955 cardo
829 2892 872 2955 rei
894 2893 1005 2955 versari
1028 2889 1185 2971 videatur,
1211 2894 1388 2959 auditorum

309 3001 426 3065 animos
456 3001 494 3067 ab
525 3025 577 3081 10,
601 3002 684 3087 quod
707 3003 766 3071 sibi
788 3002 955 3081 officiebat,
979 3003 1141 3069 abducens.
1176 3003 1321 3070 Oratione
1348 3009 1387 3071 16

311 3112 501 3178 Mantitheus
524 3137 555 3178 se
578 3121 718 3193 excusat,
741 3114 826 3199 'quod
849 3113 1023 3179 adolescens
1047 3115 1157 3180 audeat
1179 3116 1296 3194 dicere,
1323 3139 1392 3180 con·

311 3226 459 3290 tinentem
481 3249 512 3289 11
535 3225 678 3290 describit
700 3227 733 3290 in
755 3227 819 3290 vita
841 3233 871 3290 et
893 3226 1103 3306 innocentem,
1127 3235 1162 3292 ut
1180 3226 1339 3291 abhorreat
1353 3227 1391 3292 ah

313 3338 377 3402 alea
400 3345 430 3402 et
449 3338 535 3416 vino,
552 3338 634 3402 unde
649 3338 722 3403 mali
736 3361 870 3403 rumores
890 3338 928 3404 de
947 3339 1013 3424 ipso
1033 3339 1071 3402 ab
1091 3338 1268 3424 aequalibus
1278 3338 1390 3402 invidis

312 3455 493 3534 spargantur
515 3451 542 3534 (q
566 3451 605 3512 11
627 3451 741 3533 1120).
768 3450 980 3534 Aristophanis
998 3450 1110 3529 affinis,
1132 3450 1334 3535 quioratione
1349 3453 1388 3513 19

311 3558 402 3623 verba
424 3558 513 3636 facit,
537 3559 663 3642 triginta
683 3568 887 3623 1110111111
907 3561 934 3645 (q
953 3562 1016 3644 55),
1037 3567 1072 3624 ut
1092 3584 1124 3624 se
1141 3560 1295 3625 iudicibus
1312 3582 1391 3623 com·

310 3670 448 3748 mendet,
472 3692 639 3753 numquam
661 3692 693 3734 se
716 3671 794 3754 patri
817 3670 995 3736 oblocutum
1018 3694 1082 3736 esse
1105 3671 1197 3750 dicit,
1221 3692 1390 3755 numquam

311 3783 344 3845 in
366 3781 480 3845 iudicio
503 3802 601 3865 neque
623 3780 656 3844 in
679 3788 787 3844 senatu
809 3803 841 3845 11
864 3781 974 3859 fuisse,
995 3781 1087 3846 fando
1110 3805 1141 3846 se
1157 3782 1325 3860 audivisse,
1342 3802 1382 3845 ca·

311 3893 458 3956 lumniam
480 3914 542 3955 rem
565 3914 629 3955 esse
652 3892 788 3956 omnium
810 3893 1018 3979 turpissimam
1041 3894 1068 3978 (b
1092 3895 1136 3977 5),
1160 3891 1242 3957 idem
1267 3898 1392 3976 epatre

312 4002 474 4086 comperit,
499 4025 586 4087 saepe
609 4002 642 4066 in
665 4002 860 4066 aestimandis
883 4003 971 4068 bonis
995 4003 1108 4067 civium
1131 4003 1274 4066 erravisse
1298 4004 1392 4066 Athe·

311 4113 430 4177 nienses
454 4116 533 4199 (45),
556 4115 637 4178 idem
652 4114 781 4179 aliorum
797 4118 976 4181 auctoritate
993 4115 1105 4194 credit,
1123 4115 1273 4201 optimum
1289 4138 1392 4200 quem-

312 4247 370 4309 que
394 4224 432 4288 ad
455 4227 573 4290 veniam
595 4227 821 4312 paratissimum
843 4250 907 4292 esse
930 4230 1005 4311 (53).
1041 4225 1206 4291 Manifesta
1229 4225 1261 4290 id
1285 4225 1390 4290 studet

311 4358 346 4401 ea
368 4336 466 4421 specie
489 4344 604 4415 orator,
628 4345 663 4400 ut
687 4338 816 4402 iniuriae
839 4339 940 4422 potius
963 4339 1112 4404 obnoxius
1136 4359 1228 4422 quam
1250 4338 1289 4402 ad
1310 4339 1389 4403 frau-

312 4447 381 4511 dem
411 4447 551 4532 proclivis
582 4447 720 4512 videatur
750 4450 793 4529 is,
818 4449 872 4532 qui
895 4471 926 4513 se
949 4449 1093 4513 defendit.
1129 4448 1187 4514 Sed
1211 4473 1289 4535 quae
1312 4450 1388 4517 dicit
1448 4538 1451 4541 Ι
