3002 5240
656 476 694 538 67

138 676 219 755 νόμον
240 675 382 758 διαρρήδην
404 672 587 756 ἀγορεύοντος
609 674 676 745 τοὺς
699 675 727 739 ἑν
750 676 790 753 τῷ
812 673 941 753 συνεδρίῳ
959 673 1151 754 λοιδοροῦντος
1172 673 1218 755 ζν-

137 795 215 865 uscha
241 788 389 863 ἀκηκόατε
419 794 537 872 pugnat
559 807 629 851 cum
655 785 814 851 Demosth.
839 785 872 849 in
895 784 1024 849 Midiam
1045 786 1063 870 q
1085 787 1143 849 33:
1168 785 1217 848 acl

136 899 224 964 salta
253 923 291 976 γε
321 899 369 964 τὸν
399 896 532 979 ἄρχοντα
561 898 654 963 ταύτὸ
684 904 786 973 τοῦτο,
822 899 872 963 ἐὰν
898 899 952 976 μὲν
982 897 1218 980 ἐστεφανωμένον

136 1008 270 1093 τατοὶξρς
293 1011 311 1086 ἢ
333 1015 430 1081 κακῶς
453 1009 550 1092 alass,
573 1008 719 1091 ἄτιμος,
745 1030 807 1073 non
831 1008 914 1093 quod
933 1009 1009 1073 alter
1030 1011 1059 1074 ἐν
1079 1009 1218 1090 συνεδρίῳ,

136 1123 210 1187 alter
245 1120 483 1204 ἐστεφανωμένον
521 1118 602 1185 dicat
641 1141 704 1183 non
742 1119 833 1184 licere
869 1118 949 1184 laedi
984 1121 1196 1204 magistratum
1208 1146 1217 1196 3

136 1242 300 1318 utrumque
330 1234 412 1299 enim
441 1231 633 1296 referendum
664 1231 703 1295 ed
733 1254 769 1296 ea
797 1231 959 1316 opprobria
984 1253 1062 1316 quae
1084 1232 1164 1296 fiunt
1186 1232 1219 1295 in

136 1346 268 1410 muneris
295 1344 453 1412 functione
481 1343 524 1427 (in
548 1364 609 1426 qna
634 1342 884 1426 interpretatione
908 1343 1006 1406 sciens
1031 1343 1219 1407 dissenties

135 1457 229 1522 Balsio
258 1462 289 1519 et
316 1453 532 1537 Hoelschero),
563 1453 617 1517 sed
645 1459 769 1538 propter
793 1475 908 1537 poenae
931 1453 1101 1518 discrimen.
1138 1453 1218 1518 Nam

135 1569 159 1633 si
179 1569 247 1652 lege
271 1567 320 1633 usi
340 1566 485 1643 luissent,
510 1587 588 1648 quae
612 1570 658 1628 est
682 1562 763 1648 apud
787 1562 1042 1643 Demosthenem,
1060 1564 1173 1629 archon
1189 1574 1219 1629 ct

137 1680 262 1765 strategi
293 1699 355 1745 nou
385 1677 531 1743 mulctam
563 1675 796 1759 irrogavissent,
828 1674 882 1739 ssd
905 1675 1027 1739 infamia
1050 1676 1220 1741 notandum

135 1790 321 1876 Polyaenum
352 1794 519 1853 curassent.
567 1787 661 1853 Porro
692 1809 800 1871 parum
832 1786 989 1873 probabile
1020 1795 1066 1851 est
1088 1789 1219 1871 ταμίας,

136 1901 245 1985 quibus
269 1900 426 1985 pruvincia
448 1906 512 1965 erat
535 1897 675 1982 exigendi
698 1897 859 1981 pecuniam
876 1899 989 1962 aerario
1006 1898 1154 1975 debitam,
1171 1901 1220 1964 ius

136 2012 279 2077 habuisse
302 2010 473 2079 arcessendi
495 2017 660 2094 strategos,
689 2015 725 2073 ut
749 2009 781 2073 hi
806 2031 895 2073 suum
918 2009 1032 2074 factum
1055 2011 1130 2095 ipsis
1154 2033 1221 2096 pro

135 2124 259 2201 herent,
284 2123 311 2187 si
332 2123 445 2189 vellent
467 2123 613 2191 mulctam
636 2123 703 2186 iure
726 2122 900 2206 impositam
923 2123 1020 2208 erigi,
1036 2123 1069 2186 in
1085 2145 1145 2207 quo
1160 2147 1222 2187 me-

135 2235 190 2299 rito
220 2234 351 2299 offendit
380 2233 497 2297 Bahius
527 2257 557 2320 p.
590 2236 653 2296 245
686 2255 751 2317 sqq.
798 2233 908 2318 Itaque
937 2256 976 2297 ne
999 2233 1087 2317 plura
1111 2234 1219 2298 addam

135 2347 180 2431 (de
210 2349 228 2433 q
262 2349 302 2412 17
337 2345 398 2410 vid.
430 2345 520 2429 infra)
551 2353 657 2410 contra
679 2345 761 2429 leges
785 2346 938 2429 irrogatur
960 2345 1076 2409 mulcta
1082 2372 1091 2423 3
1117 2354 1222 2411 contra

135 2459 212 2545 leges
243 2459 372 2529 inferior
401 2458 596 2541 magistratus
626 2457 770 2520 maiorem
803 2478 925 2520 causam
956 2456 1036 2541 apud
1066 2479 1097 2520 se
1121 2456 1220 2521 dicere

135 2573 212 2656 cogit
219 2598 228 2650 ;
257 2571 327 2654 quis
351 2569 501 2655 spondere
524 2568 635 2632 audeat
657 2589 720 2632 non
744 2567 882 2632 similiter
906 2577 1012 2631 contra
1034 2568 1131 2652 legem
1152 2591 1221 2632 auc-

134 2689 227 2748 torem
251 2680 434 2758 credidisse,
459 2701 521 2744 non
545 2678 625 2742 solos
653 2685 821 2761 strategos,
847 2676 900 2741 sed
917 2669 1064 2762 strategos
1081 2679 1218 2764 praeside

135 2803 185 2858 aut
213 2794 253 2858 a'd
285 2815 336 2857 eos
365 2792 513 2856 referente
545 2790 689 2854 archonte
713 2811 842 2874 poenam
866 2790 1028 2866 inflixisse3
1053 2798 1118 2854 tota
1141 2792 1218 2854 ratio

134 2905 237 2970 iudicii
263 2928 282 2968 a
304 2903 441 2988 legitima
464 2901 655 2985 aliquantum
680 2899 791 2964 differt.

174 3015 326 3082 Nondum
349 3014 445 3098 igitur
466 3013 557 3076 mitto
581 3021 795 3096 argumentum
821 3011 904 3096 quod
920 3020 1026 3076 contra
1041 3011 1219 3087 ννντνότντα

134 3128 279 3193 orationis
302 3148 339 3189 ex
362 3124 516 3188 archontis
540 3122 681 3188 Ctesiclis
704 3124 858 3188 mentione
875 3124 1007 3207 petitur,
1025 3145 1120 3208 quum
1137 3147 1221 3209 prae·

135 3241 234 3304 sertim
259 3236 401 3301 Gtesiclis
425 3256 505 3299 anno
518 3234 756 3319 expeditionem,
773 3235 811 3300 de
827 3258 888 3320 qua
903 3236 1015 3319 legitur
1032 3235 1114 3321 apud
1129 3237 1217 3300 Dem.

21 3364 23 3439 p
137 3352 184 3416 17.
205 3353 268 3427 20,
286 3348 324 3412 ab
340 3346 580 3411 Atheniensibus
597 3348 795 3412 constitutam
809 3370 864 3411 nec
883 3357 984 3411 tamen
1004 3346 1139 3410 effectam
1153 3370 1218 3411 esse
1338 3350 1344 3361 ⁴

21 3450 23 3539 l
135 3459 332 3545 probabiliter
351 3456 491 3523 ostendat
511 3456 670 3535 Schaefer,
688 3458 909 3523 Demosthenes
924 3481 955 3521 u,
969 3459 1051 3521 seine
1064 3458 1143 3535 Zeit,
1156 3458 1217 3523 ΠΙ.

136 3594 164 3657 p.
190 3576 264 3652 itt,
280 3569 536 3655 quemadmodum
549 3592 588 3634 ne
600 3570 772 3655 Polyaenus
785 3569 908 3655 quidem
920 3570 952 3633 in
964 3577 1068 3633 nostra
1079 3570 1219 3633 >oratione

21 3716 23 3767 ν
138 3693 201 3767 post
220 3684 375 3748 delectum
390 3681 537 3746 militasse
553 3680 676 3746 dicitur.
701 3680 735 3744 Si
750 3702 840 3766 porro
857 3689 993 3757 constat,
1010 3683 1042 3744 in
1060 3681 1116 3744 hac
1128 3684 1220 3746 orati·

139 3814 191 3858 one
205 3794 358 3879 quaedam
373 3794 488 3870 inesse,
506 3815 584 3879 quae
600 3793 712 3857 Atticis
728 3793 869 3877 genuinis
886 3801 940 3857 aut
952 3793 1099 3857 inusitata
1110 3802 1164 3857 aut
1175 3795 1220 3858 in-

139 3904 223 3970 solita
250 3908 330 3984 sint,
362 3905 389 3969 si
419 3927 509 3970 nemo
540 3904 680 3982 dubitat,
705 3905 836 3990 quinia
862 3905 998 3990 syllogen
1022 3903 1219 3989 Lysiacarum

138 4016 306 4083 orationum
329 4017 421 4082 etiam
445 4015 561 4080 alienae
585 4015 688 4079 illatae
710 4015 840 4091 luerint,
865 4015 942 4079 nihil
967 4023 1079 4081 temere
1100 4017 1131 4080 in
1157 4041 1220 4082 ver·

138 4121 181 4188 bis
201 4128 385 4193 mutandum
408 4135 500 4212 puto,
527 4133 564 4191 nt
587 4127 684 4211 possit
707 4125 781 4190 haec
805 4127 903 4189 oratio
925 4126 1035 4213 Lysiae
1061 4128 1215 4194 vindicari.
1318 4205 1323 4215 ,

140 4231 267 4305 Omnino
299 4260 362 4306 uon
394 4236 529 4303 dubitari
560 4243 678 4321 potest,
707 4236 781 4320 quin
804 4236 946 4300 collectio
971 4239 1143 4304 orationum
1168 4240 1219 4304 ali·

140 4359 247 4430 quanto
271 4358 341 4435 post
363 4350 492 4427 oratoris
516 4356 642 4412 mortem
669 4349 708 4412 sit
732 4348 828 4427 facta,
846 4349 983 4435 syllogen
1000 4351 1081 4415 enim
1098 4353 1218 4438 abipso

141 4457 268 4525 relictam
291 4483 355 4527 non
378 4459 489 4526 habere
514 4482 587 4537 nos,
613 4459 747 4525 ostendit
763 4460 845 4545 quod
862 4461 969 4525 insunt
986 4484 1064 4546 quae
1081 4465 1219 4528 omnium

1064 4577 1102 4633 5*
