2994 5234
835 479 896 542 170

321 672 395 736 dum
418 673 518 749 ὁμοίων
540 711 586 723 -
607 680 667 744 τοῖς
691 699 724 740 π.
748 675 790 750 ἠδ.
816 676 836 739 i.
861 698 887 739 e.
901 674 960 740 οἵων
973 678 1051 754 ὑμῶκ
1061 677 1261 758 τυγχάνουσιν
1271 680 1294 742 οἱ
1306 680 1393 743 πολλὰ
1471 736 1472 741 ,

321 782 494 858 ἠδικηκότες.
542 782 589 847 Ol.
621 783 701 848 Xen.
733 783 806 849 Oea.
841 787 892 849 13.
928 789 967 848 la
997 785 1051 851 οὐδ’
1083 790 1240 853 ὁπωστιοῦν
1268 795 1322 853 τῶν
1340 785 1395 852 ἴσων
1471 812 1472 815 ’

319 890 390 966 ἀξιῶ
421 895 487 966 τοὺς
518 895 652 972 ἀμείνους
682 902 741 968 τοῖς
772 896 883 962 κακίοσι
909 897 1090 977 τυγχάνειν,
1114 898 1148 961 in
1171 897 1282 982 quibus
1304 897 1394 961 eadem
1471 950 1472 963 ,

318 1002 381 1065 fere
411 1003 654 1090 breviloquentia
686 1014 741 1071 est.
789 1006 930 1091 Denique
961 1009 978 1091 1
1007 1010 1046 1071 at
1078 1029 1134 1091 pro
1166 1010 1223 1084 aa
1252 1008 1281 1073 u
1302 1009 1395 1073 τούτων

320 1112 387 1188 ὑμῖν
410 1114 509 1193 τυχών
532 1136 601 1179 cum
618 1114 801 1179 Marklando
817 1116 884 1202 lege
899 1117 1030 1181 τοιούτων
1047 1118 1125 1193 ὑμῶν
1140 1118 1248 1198 τυχών.
1271 1117 1393 1202 01113
1470 1140 1472 1145 ’

319 1222 377 1285 sub
400 1223 421 1285 f.
447 1230 478 1286 et
503 1226 554 1288 18.
579 1227 631 1288 28.
656 1227 803 1308 -127
829 1247 885 1310 pro
909 1226 1265 1306 κύτῷ111111111111111111111
1287 1228 1368 1307 αὐτῷ.
1471 1232 1472 1235 ’

362 1330 481 1417 Lepida
512 1341 542 1397 et
572 1334 674 1398 iocosa
705 1336 737 1398 in
762 1334 819 1398 hac
841 1336 979 1399 oratione
1001 1338 1203 1401 inveniuntur
1225 1359 1296 1401 sane
1318 1356 1395 1421 quae
1471 1356 1472 1373 ¹

318 1441 397 1506 dam.
441 1441 546 1522 Quum
570 1444 602 1519 in
626 1466 718 1507 causa
741 1465 803 1507 non
821 1444 1001 1528 gravissima
1016 1452 1173 1509 aecusator
1188 1446 1290 1511 fatuus
1304 1448 1394 1530 inepte

317 1551 427 1635 partim
452 1559 631 1637 argumenta
655 1554 825 1631 attulisset,
852 1574 914 1617 non
937 1555 1015 1618 serio
1030 1555 1132 1618 omnia
1148 1555 1305 1640 redarguit
1318 1576 1392 1630 reus,

317 1661 371 1725 sed
394 1661 565 1744 adversario
589 1684 645 1726 suo
668 1663 794 1727 irridere
817 1663 929 1727 studet.
976 1663 1040 1743 Qui
1063 1685 1159 1747 quum
1184 1664 1392 1737 contendisset,

317 1792 403 1835 reum
433 1794 496 1836 non
519 1794 583 1836 esse
607 1794 735 1856 egenum
760 1774 940 1856 (ἀδύνατον),
966 1772 1050 1858 quod
1074 1795 1144 1838 cum
1167 1774 1313 1839 divitibus
1334 1794 1394 1836 oon·

317 1880 512 1945 suetudinem
543 1881 685 1958 haberet,
722 1881 799 1944 alter
829 1881 992 1965 detorquet
1020 1883 1266 1947 criminationem
1296 1884 1338 1946 sio
1364 1890 1394 1943 ut

316 1991 397 2055 dicat
420 2015 451 2055 se
474 1991 616 2057 ἆδύκκτοκ
637 2014 701 2056 non
724 1991 829 2056 haberi
852 1992 924 2075 quia
946 1992 1091 2055 nimirum
1112 1992 1261 2068 ἦδύκκκο
1282 1999 1392 2058 metuar

314 2101 518 2178 Βυκκμέκοις
549 2104 577 2186 (d
605 2104 636 2186 5)
644 2128 653 2179 3
678 2124 772 2186 quum
797 2101 951 2166 obiectum
975 2111 1054 2166 esset
1077 2123 1157 2185 equo
1181 2103 1310 2167 subinde
1332 2099 1392 2164 vehi

314 2233 414 2289 reum,
445 2212 515 2288 ille,
543 2214 651 2288 miror,
676 2212 795 2296 inquit,
821 2225 1027 2275 accusatorem
1049 2211 1126 2275 mihi
1149 2234 1211 2277 non
1234 2214 1308 2277 vitio
1330 2211 1391 2274 dare

313 2322 398 2406 quod
428 2322 549 2387 duobus
581 2321 697 2386 baculis
727 2322 847 2385 innisus
878 2321 1072 2406 progrediar,
1102 2345 1173 2386 cum
1203 2345 1265 2387 uno
1288 2321 1390 2407 possim

314 2432 341 2516 (1
373 2432 426 2513 12)
436 2459 445 2509 3
474 2433 566 2509 mihi,
595 2433 715 2517 inquit,
740 2433 948 2496 infirmitatem
971 2431 1089 2495 invidet
1112 2441 1287 2511 accusator,
1311 2438 1339 2495 et
1358 2428 1389 2491 de

312 2540 422 2605 claudo
450 2542 525 2626 pede
554 2549 702 2627 tanquam
729 2542 766 2606 de
790 2540 853 2606 filia
876 2541 1079 2606 haereditaria
1101 2543 1236 2623 rixatur,
1260 2541 1311 2606 sed
1333 2559 1390 2602 sua·

312 2649 369 2715 deo
392 2651 455 2728 illi,
480 2658 515 2716 ut
537 2675 576 2716 ne
599 2653 657 2717 sibi
680 2659 799 2716 constet
822 2651 1027 2736 claudumque
1047 2652 1105 2717 sibi
1126 2652 1260 2718 vindicet
1277 2650 1387 2736 pedem,

310 2783 349 2824 ne
380 2761 418 2824 ab
446 2761 600 2827 archontis
622 2784 748 2828 munere
771 2762 913 2826 obeundo
937 2759 1119 2825 excludatur
1143 2764 1170 2846 (1
1195 2766 1257 2846 14).
1281 2758 1388 2824 Festive

310 2871 384 2934 haee
413 2894 501 2949 saue,
530 2871 583 2936 sed
605 2894 670 2936 rem
694 2893 888 2956 exaggerasse
912 2880 987 2955 puto
1012 2870 1320 2947 Rauchensteinium,
1342 2865 1388 2950 qui

308 2981 460 3066 specimen
483 2981 638 3045 vernaculi
661 2981 772 3066 leporis
797 2981 931 3044 admixta
956 2982 1106 3064 gravitate
1130 2982 1222 3044 simul
1246 2987 1276 3044 et
1297 2976 1388 3044 nativa

309 3092 505 3177 simplicitate
528 3099 559 3154 et
580 3090 752 3174 petulantia
775 3098 939 3175 agnoscat,
965 3112 1027 3173 quo
1051 3092 1256 3174 praestantius
1278 3111 1338 3154 non
1355 3085 1389 3148 la

310 3202 366 3266 oile
390 3201 459 3284 quis
483 3201 665 3264 inventurus
690 3201 730 3263 sit
753 3202 897 3283 (prooem.
923 3198 961 3261 ad
985 3199 1064 3263 hanc
1084 3206 1159 3264 orat.
1180 3200 1240 3265 sub
1262 3200 1327 3262 fin:
1342 3215 1387 3273 „es

308 3314 350 3377 ist
372 3312 458 3376 nicht
480 3309 574 3374 leicht
597 3309 665 3372 eine
688 3307 857 3392 Misehung
880 3328 939 3371 von
960 3306 1135 3392 Lustigem‚
1160 3308 1308 3384 Derbem,
1324 3305 1388 3368 Ern-
1468 3368 1469 3373 ,

307 3430 403 3506 stem,
426 3420 557 3485 Naivem
581 3419 660 3482 auch
683 3419 740 3482 mit
763 3418 862 3482 einem
887 3418 1053 3501 Anspruch
1079 3418 1135 3481 aul
1155 3419 1210 3483 das
1233 3412 1386 3482 Riihrende
1468 3396 1469 3441 ³

306 3534 466 3599 nucinam
491 3532 556 3595 sich
580 3552 613 3593 so
638 3530 732 3623 sohtn
757 3529 1000 3594 bestimmenden
1025 3529 1150 3594 Ganaen
1175 3544 1385 3594 zusammencu·

307 3645 443 3710 arbeiten
478 3643 542 3706 und
580 3642 670 3705 einen
701 3663 734 3703 so
767 3637 1049 3723 eigenthiimlichen
1078 3637 1250 3703 Charakter
1279 3639 1332 3701 mit
1357 3651 1384 3694 so

307 3754 477 3821 schlichten
507 3752 631 3816 Mitteln
666 3748 915 3832 daraustellen'').
963 3747 1093 3812 Subtilis
1125 3748 1276 3833 elegantia
1297 3757 1324 3811 et
1345 3763 1385 3805 ur-

307 3866 426 3932 banitas
458 3862 588 3927 orationi
615 3863 705 3947 plane
729 3860 831 3936 deest;
855 3858 915 3922 ioci
939 3864 1042 3922 autem
1065 3858 1167 3921 minus
1191 3859 1281 3942 politi
1303 3853 1386 3919 delec-

308 3985 373 4041 tare
402 3996 474 4038 sane
505 3978 635 4058 possunt
666 3980 696 4035 et
728 3991 835 4034 causae
867 3967 1026 4052 prodesse,
1060 3968 1084 4029 si
1108 3975 1255 4051 tanquam
1278 3965 1384 4047 inipso

308 4085 453 4151 orationis
484 4087 639 4147 momento
663 4081 728 4145 nati
751 4080 923 4164 fingantur,
952 4076 1005 4140 sed
1029 4078 1053 4139 si
1076 4077 1238 4142 manifesto
1263 4071 1384 4141 adhibito

309 4196 430 4272 studio,
452 4202 486 4258 ut
514 4195 547 4256 in
570 4193 627 4254 hac
650 4191 804 4265 oratione,
827 4186 1021 4271 proterantur
1045 4187 1143 4250 verbis
1164 4210 1222 4251 usu
1244 4193 1384 4250 oratorum
1466 4202 1467 4251 Q

307 4309 370 4371 fere
393 4304 539 4389 receptis,
564 4300 720 4364 dissensus
744 4297 869 4382 quidam
887 4295 1008 4358 exsistit
1025 4296 1104 4360 inter
1126 4299 1285 4361 materiam
1307 4302 1383 4376 atque

308 4418 453 4494 formam,
476 4406 514 4479 ut
536 4411 653 4476 nescias
676 4409 794 4473 serione
818 4402 966 4494 quaedam
991 4427 1028 4469 an
1053 4407 1119 4470 ioco
1135 4406 1287 4472 dicantur.
1310 4403 1383 4468 Dica-
