3002 5240
825 495 865 557 14

303 714 372 756 cum
402 693 569 771 tenuitate,
602 715 693 778 quam
716 692 894 777 plemmque
916 692 1023 778 Lysias
1046 702 1250 773 consectatur,
1274 716 1380 760 conve

302 805 398 867 uiant.
433 803 569 867 Subinde
593 810 693 866 orator
715 824 751 867 ex
774 804 948 867 coniectura
969 806 1117 870 rationem
1140 806 1305 870 concludit.
1330 806 1380 869 Ita

301 914 440 985 amaena
464 914 533 992 ille,
558 915 607 977 cui
631 915 742 998 scripta
765 922 811 977 est
834 915 930 978 oratio
954 919 1014 994 24,
1038 919 1108 1001 19,
1132 939 1194 981 non
1217 940 1272 1001 ego
1296 924 1377 996 sum,

300 1024 402 1109 inquit
409 1072 419 1101 ,
443 1022 543 1102 dives,
565 1044 636 1087 nam
651 1022 838 1087 adversarius
858 1024 954 1089 nollet
969 1048 1088 1090 mecum
1102 1028 1182 1092 bona
1197 1036 1378 1112 permutare.

300 1134 359 1198 Sed
389 1134 555 1198 voluntatis
586 1133 768 1197 accusatoris
798 1133 919 1198 nullum
947 1143 1010 1199 erat
1040 1136 1265 1202 documentum.
1312 1137 1379 1202 Nec
1485 1215 1486 1220 η

300 1246 420 1331 gravius
451 1260 497 1308 est
524 1244 607 1328 quod
638 1244 671 1308 in
701 1242 907 1309 Nioomaehea
935 1246 1048 1331 legitur
1077 1249 1146 1333 18.
1183 1248 1233 1327 si,
1257 1249 1377 1332 inquit,

299 1378 389 1419 eausa
411 1357 529 1441 privata
551 1364 707 1439 ageretur,
730 1378 791 1419 non
816 1357 968 1440 integrum
991 1381 1023 1421 se
1046 1380 1062 1422 e
1085 1358 1199 1422 iudicio
1223 1358 1379 1424 abiturum

298 1466 504 1532 Nicomachus
536 1467 686 1544 erederet3
710 1489 793 1532 nunc
816 1490 903 1552 aegre
926 1468 1101 1549 ferendum,
1126 1469 1208 1555 quod
1231 1471 1262 1534 in
1286 1491 1379 1534 causa

298 1580 420 1664 publica
442 1578 582 1642 illaesum
605 1601 636 1641 se
659 1576 813 1641 abiturum
836 1586 945 1663 sperat.
993 1578 1077 1643 Haeo
1101 1602 1284 1665 quamquam
1307 1592 1379 1664 pru-

298 1689 440 1755 dentibus
469 1697 499 1752 et
522 1688 769 1772 intellegentibus
792 1711 854 1751 uon
877 1688 1093 1773 probarentur,
1125 1698 1243 1767 tamen,
1268 1691 1301 1752 in
1324 1711 1377 1774 po

298 1802 371 1887 pulo
395 1823 489 1885 quum
512 1799 671 1876 dicuntur,
694 1820 852 1862 assensum
873 1820 961 1884 saepe
976 1799 1093 1879 ferunt,
1110 1811 1141 1864 et
1155 1801 1289 1886 apprime
1305 1816 1377 1863 ¹cum

297 1913 428 1977 hominis
452 1934 558 1998 parum
581 1912 614 1975 in
635 1911 733 1974 causis
750 1911 859 1974 versati
875 1910 1069 1995 simplicitate
1085 1912 1279 1976 conveniunt.
1303 1912 1377 1975 Alia

296 2033 368 2086 sunt
390 2022 499 2086 callide
522 2023 661 2099 inventa,
686 2021 740 2085 sed
763 2022 861 2106 specie
885 2019 1009 2105 quidem
1032 2021 1153 2085 nullum
1167 2022 1301 2086 laborem
1316 2045 1375 2088 nec

296 2134 466 2198 molestiam
492 2132 622 2210 habent,
655 2140 709 2210 ut,
741 2132 878 2216 quamvis
908 2131 987 2196 levia
1017 2133 1055 2196 ad
1086 2133 1373 2212 demonstrandum,

295 2255 397 2310 tamen
421 2246 530 2309 animis
553 2244 727 2308 auditorum
749 2243 838 2307 facile
854 2266 886 2308 se
902 2244 1069 2309 insinuent.
1092 2245 1267 2309 Admodum
1283 2254 1374 2310 acute

296 2359 328 2422 in
359 2356 550 2421 Philocratea
579 2356 668 2419 initio
699 2355 851 2425 defectum
874 2363 1099 2433 accusatorum,
1124 2357 1178 2441 qui
1199 2378 1250 2419 reo
1272 2356 1373 2421 favere

296 2469 391 2534 videri
414 2468 559 2545 debebat,
583 2468 798 2552 interpretatur
820 2467 853 2529 in
876 2465 1092 2531 detrimentum
1114 2467 1263 2545 accusati,
1281 2490 1374 2552 quem

295 2579 366 2644 inde
395 2586 550 2665 appareret
581 2578 708 2663 pecunia
743 2577 866 2662 publica
894 2601 925 2641 se
959 2577 1090 2656 ditasse,
1126 2600 1186 2661 qua
1219 2586 1373 2643 aecusato-

294 2715 340 2756 res
363 2698 575 2775 corrumperet.
610 2689 711 2754 Verba
734 2689 845 2775 quibus
869 2696 969 2754 orator
990 2691 1022 2754 in
1046 2690 1207 2754 Philonem
1222 2692 1288 2774 (31)
1310 2690 1327 2774 d
1351 2693 1371 2753 1

200 2786 202 2791 ,
293 2803 477 2888 imperitiam
499 2800 619 2865 dicendi
643 2809 784 2878 excusat,
801 2801 1010 2866 demonstrant
1033 2801 1211 2887 diligentius
1234 2800 1371 2865 conside·

293 2924 371 2993 rata,
403 2914 450 2978 vel
480 2915 608 2978 maxime
640 2913 805 2977 sollertiam
835 2922 865 2977 et
896 2920 1051 2979 versutum
1087 2914 1230 2977 animum.
1274 2913 1307 2976 Si
1337 2913 1372 2976 in

293 3032 394 3110 parte,
417 3025 535 3108 inquit,
560 3024 760 3087 accusationis
783 3023 907 3087 inferior
929 3024 1003 3101 sim,
1027 3023 1138 3088 credite
1161 3024 1225 3087 fieri
1248 3030 1373 3109 propter

293 3138 473 3201 immensum
502 3156 662 3198 numemm
693 3134 839 3198 scelerum
869 3135 1115 3212 commissorum3
1148 3135 1174 3197 si
1196 3133 1271 3218 quid
1293 3133 1371 3199 bene

293 3269 473 3332 exposuero,
505 3268 567 3310 non
596 3267 680 3308 meae
710 3246 836 3330 peritiae
866 3245 1034 3310 adscribere
1057 3245 1215 3329 poteritis,
1240 3245 1294 3309 sed
1316 3247 1371 3309 im-

292 3365 398 3442 putate
429 3358 520 3420 huius
547 3355 697 3441 pravitati.
741 3355 809 3433 Ita,
834 3355 1044 3440 qualecunque
1067 3355 1216 3419 iudicium
1246 3356 1284 3419 de
1306 3378 1370 3419 ora-

292 3469 374 3533 tione
405 3470 478 3546 erit,
510 3468 677 3532 secundum
706 3467 789 3531 hune
824 3474 972 3532 oratorem
1005 3469 1115 3532 nonius
1150 3467 1245 3531 videri
1279 3445 1370 3532 debet

292 3579 391 3644 Philo.
427 3580 486 3644 Sed
517 3589 590 3643 sunt
621 3580 698 3657 alia,
730 3580 763 3642 in
794 3579 905 3663 quibus
926 3579 1076 3643 calliditas
1100 3586 1131 3643 et
1152 3578 1241 3642 dolus
1266 3577 1369 3639 minus

291 3691 367 3755 bene
389 3691 597 3768 occultantur,
623 3691 706 3754 velut
729 3713 823 3774 quum
846 3691 1004 3755 verborum
1027 3690 1224 3773 ambignitate
1246 3710 1369 3752 causam

291 3802 417 3887 probare
447 3803 559 3867 studet.
606 3801 643 3865 In
676 3803 811 3865 oratione
844 3804 883 3866 tt
909 3803 987 3886 (κατ’
1010 3799 1209 3883 Ἐπικράτους)
1232 3798 1313 3861 ludit
1334 3799 1368 3861 in

291 3913 511 3997 significatione
541 3912 681 3976 vocabuli
712 3915 843 3991 ἄκριτος,
874 3920 910 3976 ut
936 3911 1052 3977 indicta
1074 3932 1165 3974 eausa
1186 3911 1281 3974 malos
1304 3931 1368 3972 ora·

291 4031 372 4088 tores
395 4022 638 4088 condemnandos
654 4046 719 4087 esse
734 4023 937 4099 demonstret3
953 4045 1015 4086 non
1031 4023 1129 4099 enim,
1145 4023 1262 4106 inquit,
1279 4030 1368 4085 erunt

290 4134 414 4215 ἄκριτοι,
445 4156 515 4199 nam
545 4156 599 4198 vos
629 4154 680 4199 eos
710 4135 838 4198 novistis
861 4141 892 4197 et
915 4133 952 4197 de
974 4134 1055 4197 notis
1077 4131 1251 4198 iudicaretis
1274 4134 1302 4216 (p
1345 4134 1366 4215 ),

292 4247 378 4331 quasi
409 4268 479 4309 vero
509 4245 565 4310 ulli
594 4268 630 4309 ex
653 4244 842 4309 auditoribus
865 4251 966 4328 posset
987 4243 1198 4328 interpretatio
1220 4242 1366 4306 formulae

290 4354 397 4436 ἄκριτοι
419 4357 561 4422 ἀπέθανον
585 4355 644 4419 alia
666 4354 783 4439 placere
806 4374 897 4440 quam
919 4355 1029 4419 indicto
1052 4375 1156 4427 cauea·
1180 4374 1268 4416 nemo
1287 4373 1364 4430 non,

291 4467 419 4550 opinor,
443 4490 479 4532 ex
502 4469 539 4530 iis
562 4465 619 4529 boc
643 4466 762 4528 acutius
784 4488 875 4549 quam
898 4466 996 4529 verius
1019 4465 1133 4528 dietum
1156 4465 1284 4548 putavit.
1322 4462 1366 4526 Si-
