2994 5234
11 4234 13 4291 ί

11 4294 13 4315 ί

11 4460 12 4471 ι

11 4534 13 4555 Ι

11 4586 13 4597 ι

11 4600 13 4613 ι

636 447 698 506 225

116 647 211 713 verba
234 648 351 726 τότερον
373 648 431 726 χρη
456 645 578 724 addita,
603 652 639 709 nt
655 645 792 723 videtur,
813 646 850 709 ab
866 647 1052 730 interprete,
1070 643 1125 726 qui
1141 664 1211 706 eon-

118 759 321 823 structionem
352 756 466 841 optime
498 755 647 821 Graecam
678 755 819 832 ε’τιδεῑξιιί
847 781 900 821 τινι
930 755 1028 835 δικαίῳ
1051 751 1122 819 εἶναι
1148 775 1211 817 nen

118 871 320 955 intellegeret.
368 868 485 932 Eodem
512 868 604 932 modo
633 867 826 950 ταρόδειγμκ
858 869 992 943 ποιήσετε
1023 873 1082 938 τοῖς
1109 864 1211 935 σίλλοις

117 981 236 1054 δικαίοις
258 976 347 1057 εἶναι,
372 979 454 1060 τκρόι
476 979 577 1044 τούτου
596 979 674 1054 δίκην
693 978 857 1060 λαβόντες,
879 979 931 1042 27.
951 980 970 1039 6
991 984 1023 1042 et
1037 973 1211 1052 καταδεῖξαι

118 1091 214 1156 Arist.
239 1091 297 1154 av.
324 1092 403 1167 501,
428 1088 505 1153 aaa.
535 1091 629 1153 icae.
656 1066 695 1088 “’

160 1204 177 1286 ξ
204 1203 244 1263 la
280 1202 337 1278 ἐγὼ
372 1200 396 1263 θ’
426 1195 446 1264 ὦ
475 1197 573 1281 ἄνδρες
596 1201 756 1277 Ἀθηναῖοι,
780 1202 811 1264 σύ
830 1200 882 1272 την
903 1199 994 1272 αὐτην
1013 1197 1132 1275 γνύμην
1150 1194 1213 1276 ἔχω

117 1312 181 1393 arpi
212 1316 268 1375 τῶν
298 1310 429 1374 τοιούτων
456 1331 493 1373 ex
523 1309 640 1395 Sauppi
666 1309 843 1373 coniectura
865 1331 947 1373 nunc
971 1309 1125 1373 scribitur.
1173 1305 1211 1369 Id

118 1443 180 1486 non
204 1418 374 1504 significat,
400 1426 436 1482 ut
459 1419 582 1483 volunt:
607 1441 692 1498 „non
715 1422 794 1484 idem
818 1426 912 1486 sentio
935 1420 973 1484 de
997 1419 1140 1484 omnibus
1158 1417 1213 1503 qui

118 1531 172 1610 „in
197 1529 274 1593 urbe
297 1529 513 1607 manserunt,''
537 1529 606 1593 aed:
630 1530 693 1608 „de
716 1531 830 1595 talibus
849 1532 940 1596 rebus
957 1554 1019 1596 non
1037 1528 1214 1596 οεσοαίιοο.”

119 1640 295 1717 Sententia,
327 1662 406 1723 qnae
429 1639 638 1719 desideratur,
655 1641 787 1720 inesset,
812 1642 838 1704 si
861 1644 978 1707 πόντων
1001 1642 1157 1707 accederet
1180 1649 1216 1704 ut

120 1754 172 1816 26.
201 1752 261 1814 16:
285 1752 298 1816 ό
321 1751 409 1828 δῆμος
433 1753 464 1817 σύ
490 1753 543 1825 την
567 1753 658 1825 αύτην
681 1751 799 1828 γνύμην
823 1752 887 1831 ἔχει
911 1754 972 1832 περί
997 1752 1141 1818 πόντων
1160 1756 1216 1815 τῶν

121 1865 149 1927 ἐν
174 1862 261 1926 όιστει
284 1859 453 1937 μεινιίντων.
500 1859 538 1923 In
570 1860 636 1924 MS.
662 1883 716 1945 pro
739 1865 778 1927 ού,
796 1864 848 1934 την
872 1864 963 1936 αύτθν
986 1862 1100 1946 legitur
1123 1862 1217 1927 τοιαύ-

120 1997 172 2051 την
193 1973 266 2054 (om.
287 1973 338 2053 οὐ).
375 1969 571 2033 Florentinns
595 1972 698 2035 omisit
721 1971 805 2036 όλλιί
828 1972 860 2036 in
885 1995 968 2055 sqq.,
994 1981 1083 2051 recte,
1096 1973 1214 2056 opinor.

122 2082 212 2147 Nihil
245 2090 291 2146 est
319 2081 402 2164 quod
433 2081 615 2165 reprehendi
646 2082 743 2166 possit
774 2084 806 2146 in
837 2083 902 2146 bis:
935 2085 992 2161 ἐγὼ
1023 2082 1047 2146 δ’
1075 2078 1217 2162 ὦόνδρες

123 2192 285 2269 Ἀθηναῖοι,
319 2192 456 2268 τοιαύτην
490 2193 609 2270 γνόιμην
642 2193 703 2274 ἔχω
731 2193 794 2275 τερί
821 2199 877 2260 τῶν
908 2194 1056 2259 τοιούτων·
1088 2191 1145 2258 όσοι
1163 2193 1218 2270 μὲν

122 2303 284 2382 ἐλευθερίως
308 2327 335 2368 κ.
359 2327 389 2368 τ.
413 2303 436 2368 ἑ.
482 2302 530 2366 De
557 2303 757 2387 sequentibus
786 2326 853 2368 vere
876 2303 1035 2368 Dobreus:
1059 2306 1113 2380 „cd
1133 2326 1218 2377 τονη-

122 2415 207 2494 »ρούς
238 2413 342 2477 Attica
377 2413 508 2487 λιτότητι
531 2415 629 2498 possis
654 2421 813 2498 utcunque
836 2413 1016 2491 defendere,
1041 2418 1077 2477 ut
1100 2413 1140 2476 sit
1163 2434 1218 2495 pro

124 2523 287 2602 ,μίγοιθούς
334 2521 393 2586 Sed
426 2522 552 2606 quinam
575 2532 649 2587 sunt
672 2524 718 2588 illi
742 2524 846 2601 alteri,
871 2524 981 2589 ε’κείνων
1004 2522 1128 2605 Φυγύνί
1167 2521 1217 2585 In·

124 2640 283 2712 „crustare
318 2632 407 2696 facile
441 2634 547 2708 ἐκείνην
581 2636 633 2709 την
665 2636 776 2716 φυγήν.
823 2633 882 2697 Sed
917 2633 1037 2698 videtur
1068 2631 1216 2696 excidisse

124 2744 319 2824 „membrum
343 2744 494 2829 periodi.'’
528 2743 642 2809 Totum
665 2745 761 2829 igitur
783 2745 885 2809 locum
907 2745 949 2808 sic
966 2744 1143 2809 constituite
1160 2741 1217 2809 όσοι

124 2856 177 2933 μὲν
197 2853 358 2935 ἐλευθερίως
376 2854 426 2920 καί
447 2861 497 2920 τοῦ
518 2855 625 2919 δικαίου
645 2856 849 2933 ἐπιθυμοῦντες
868 2855 918 2919 καί
938 2855 1003 2926 τοὺς
1019 2854 1120 2929 νόμους
1136 2854 1221 2935 ίσχύ-

127 2991 166 3030 ειν
192 2964 363 3043 βουλόμενοι
394 2965 443 3029 καί
467 2968 534 3039 τοὺς
557 2967 727 3039 σίδικοῖιντας
750 2973 900 3045 μισοῦντες
923 2972 980 3030 τῶν
1003 2965 1146 3044 ὑμετέρων
1167 2990 1223 3030 κιν·

126 3076 213 3142 θύνων
243 3077 391 3157 μετέσχον
424 3076 536 3160 [κνίσης
566 3084 654 3154 νομός
680 3078 730 3142 καί
753 3076 876 3158 χάριτος
899 3074 996 3152 οἷξίους
1021 3074 1139 3155 νομίζω·
1165 3072 1222 3139 όσοι

126 3187 154 3252 δὲ
176 3189 276 3258 αὐτοῖς
297 3189 340 3260 μη
364 3186 585 3252 σονεκινθύνευον
604 3187 674 3267 με’ν,
697 3187 774 3265 όμως
794 3188 824 3251 δὲ
844 3184 906 3252 όσον
926 3187 1059 3252 εθύναντο
1075 3185 1219 3269 ὠφέλουν]

127 3299 157 3360 ού
187 3296 321 3374 πονηροὺς
352 3293 422 3360 εἶναι
453 3298 595 3377 πολίτας,
628 3299 689 3364 οὐδὲ
717 3300 822 3371 ιίθίκοις
852 3298 962 3370 τούτοις
988 3297 1068 3380 φημί
1091 3298 1128 3362 όιν
1151 3293 1222 3361 εἶναι

128 3408 273 3483 ὑπόλογον
295 3408 346 3480 τὴν
369 3408 480 3472 ἐκείνων
504 3406 615 3490 φυγύν,
662 3408 736 3472 ‘Pale
765 3409 840 3493 quid
865 3408 1013 3473 excidisse
1037 3415 1130 3492 put0;
1154 3408 1222 3491 ipsa

128 3516 221 3580 verba
243 3537 332 3578 nemo
357 3517 532 3600 praestabit.
580 3518 618 3580 In
649 3518 687 3581 iis
711 3540 789 3602 quae
813 3519 949 3602 proxime
973 3524 1146 3601 sequuntur
1165 3516 1220 3581 όσοι

129 3627 158 3692 δὲ
189 3627 380 3698 κατελθόντες
404 3630 431 3691 ἐν
455 3629 633 3710 δημοκρατίην
656 3629 688 3692 τό
712 3630 765 3706 μὲν
790 3630 923 3709 ὑμέτερον
947 3630 1052 3704 πλῆθος
1075 3629 1221 3709 νίδικοῦσι,

130 3740 195 3809 τσὺς
227 3737 252 3800 δ’
283 3737 366 3809 ίόίους
397 3736 485 3809 οίκους
517 3741 548 3803 ἐκ
575 3747 631 3804 τῶν
656 3739 798 3821 ὑμετέραν
821 3740 972 3818 μεγοίλους
996 3743 1122 3809 ποιοῦσι,
1146 3737 1222 3801 τολὺ

131 3850 247 3921 μᾶλλον
271 3849 368 3918 αὐτοῖς
391 3849 519 3928 τροςύκει
542 3848 701 3930 ὀργίζεσθαι
726 3852 743 3924 ἢ
764 3857 823 3922 τοῖς
846 3848 1001 3929 τριιίκοντα
1026 3847 1222 3913 scribendum

131 3959 286 4037 τροςθκειν.
334 3958 474 4023 Sectione
501 3964 541 4023 le
560 3963 596 4032 ὡς
616 4000 661 4012 -
682 3963 827 4037 τοιησουσι
847 3963 908 4026 iam
928 3963 1058 4025 correxit
1078 3961 1223 4026 Cobetus.

176 4071 193 4153 b
218 4069 269 4132 15.
316 4065 386 4133 όταν
409 4069 469 4150 γόιρ
495 4073 672 4151 ἡγησόμεθα
695 4074 835 4153 σωτηρίοις
858 4073 1070 4154 ἀντειλῆφθαι,
1096 4071 1225 4150 δεινότερ’

134 4179 189 4242 tat
222 4185 278 4243 τῶν
315 4180 457 4262 ἡμετέρων
487 4183 635 4264 σίρχόντων
667 4185 826 4265 τοίσχομεν
852 4186 868 4260 ἢ
891 4185 945 4249 tet
973 4188 1029 4248 τῶν
1053 4182 1224 4259 πολεμίων.

134 4290 330 4368 Ἡγησύμεθα
353 4293 424 4357 ferri
448 4316 510 4357 non
534 4300 652 4378 potest,
677 4295 736 4358 nisi
760 4304 907 4378 sequatur
930 4296 1082 4359 futurum.
1111 4291 1227 4377 Legen-

136 4397 210 4463 dum
235 4401 385 4478 ύγύμεθκ.
432 4403 568 4468 Cobetus
591 4402 639 4469 ότε
661 4407 720 4485 γόιρ
745 4406 932 4483 ἡγησόμεθα.
979 4405 1040 4469 Sed
1063 4427 1126 4468 non
1149 4426 1227 4468 asse-

1068 4518 1106 4576 15
