3002 5240
668 430 706 495 ⁷1

140 632 276 712 τροφήν,
299 636 336 694 ut
358 631 504 715 quonium
526 628 643 694 eiviteti
667 630 733 695 iure
756 628 896 695 debitum
919 652 981 694 non
1003 630 1143 695 solvisset
1159 652 1229 717 pers

141 740 289 807 bonorum
312 741 529 829 publicaretur.
575 741 723 807 Poterant
746 764 782 807 ex
805 742 853 807 his
874 742 1017 807 omnibus
1034 743 1095 807 duo
1111 742 1228 808 diverse

140 853 235 948 uesci·
245 852 360 918 iudicia
383 854 528 919 nimirum
544 861 663 940 praeter
677 856 874 936 οὶτογροοφθν,
891 853 929 917 de
946 875 1006 938 que
1020 854 1077 918 heo
1093 855 1230 918 oratione

139 965 239 1050 egitur
261 965 412 1031 iudicium
434 965 624 1047 desperetur.
672 963 774 1051 Igitur
797 964 834 1029 de
857 964 905 1029 his
928 965 1027 1031 verbis
1052 964 1228 1046 τροῦθεσοιν,

137 1100 163 1142 ιι.
186 1101 215 1142 τ.
241 1077 265 1142 ἓ.
298 1075 403 1163 quaeri
433 1082 535 1161 potest
562 1098 637 1139 num
660 1076 737 1140 forte
761 1076 931 1141 referentur
954 1076 992 1140 ad
1015 1076 1154 1162 superius
1178 1077 1230 1141 ali-

137 1187 217 1273 quod
241 1187 402 1255 iudicium.
448 1185 509 1251 Sed
539 1209 616 1273 quae
648 1194 820 1272 sequuntur
851 1186 1047 1269 ζημιώσαντες
1069 1227 1114 1237 -
1138 1187 1228 1266 λόγου

31 1324 34 1383 ;
135 1300 304 1364 necessario
339 1298 492 1384 explicent
525 1298 641 1377 fusius,
661 1320 754 1383 *quse
787 1298 819 1362 in
850 1299 987 1384 proxime
1018 1298 1227 1383 superioribus

136 1409 255 1476 brevius
280 1409 363 1475 diets
384 1416 481 1473 erent.
528 1408 638 1493 Ituque
661 1431 724 1473 non
747 1416 878 1493 possunt
900 1408 976 1475 here
1000 1410 1226 1495 (βονλεθσοισθοιι

135 1521 195 1602 τερθ
217 1527 273 1589 τοῦ
296 1516 443 1604 σώματος)
466 1519 571 1584 referri
595 1519 634 1583 sd
657 1519 798 1604 superius
821 1518 987 1599 iudieinm3
1011 1521 1165 1607 pertinent
1187 1521 1226 1587 ml

134 1636 290 1712 muletam,
320 1631 358 1696 de
389 1653 449 1716 que
477 1654 560 1696 nune
579 1636 716 1716 primum
737 1652 840 1694 eorem
862 1632 978 1716 populo
1001 1633 1113 1717 egitur.
1159 1633 1226 1699 Ium

135 1743 279 1829 explicari
301 1744 429 1809 fortusse
451 1750 567 1828 potest,
592 1741 690 1807 nihilo
702 1742 804 1807 minus
819 1742 879 1806 hoo
894 1741 932 1807 de
948 1742 1064 1807 mulcta
1078 1744 1226 1809 iudicium

134 1854 270 1949 περὶτοῦ
295 1855 430 1930 σθιοοιτος
454 1877 519 1919 esse
542 1853 618 1931 diei,
643 1852 712 1918 ooll.
736 1855 753 1938 p
777 1855 838 1932 213
861 1875 924 1918 non
946 1861 1047 1940 potest
1059 1855 1143 1940 quod
1158 1878 1225 1941 pro-

133 1966 209 2030 xime
241 1965 384 2031 uelditur:
416 1965 447 2030 σι’
476 1965 500 2030 θ’
529 1964 565 2030 θον
595 1962 725 2046 ἔπροιξοιν
760 1964 918 2042 μέλλοντες
941 1965 1068 2042 perdta
1094 1968 1148 2044 μὲν
1171 1966 1223 2045 ἐμὲ

131 2076 281 2160 βλάψειν,
305 2075 406 2140 πολλὰ
428 2075 453 2140 δ’
475 2076 594 2147 ἑοιντοὺς
618 2075 797 2159 ὠφελήσειν,
822 2072 918 2146 οθτινεο
941 2075 1129 2156 οὐδετέρου
1152 2078 1224 2143 τού·

131 2213 194 2252 των
225 2189 457 2271 ὑπάρχοντος
484 2188 586 2254 τθντοι
611 2187 674 2267 τεο)
701 2186 853 2259 ἐλάσσονος
877 2193 1023 2253 τοιοῦντιιι
1045 2194 1096 2254 τοῦ
1115 2188 1222 2255 illuso.

133 2297 209 2364 Nem
239 2301 317 2364 haee
346 2299 505 2365 manifeste
536 2305 695 2383 pugnent,
724 2297 792 2378 nisi⁸
813 2296 977 2363 κινδυνεύειν
1000 2299 1063 2377 τεο)
1087 2300 1222 2376 σώματος

132 2411 251 2477 videtur
274 2411 348 2476 levis
371 2430 419 2476 res
441 2409 543 2495 (μικροὶ
565 2407 695 2490 βλάβη).
742 2405 861 2472 Rursus
890 2394 923 2472 in
954 2410 1151 2494 sequentibus
1175 2410 1222 2477 bis

133 2543 253 2588 seusam
276 2522 389 2591 dixisse
412 2521 584 2613 Polyaenus
608 2519 737 2584 totidem
759 2519 860 2585 verbis
882 2519 1015 2584 traditur
1037 2521 1054 2605 p
1078 2522 1136 2584 18:
1164 2546 1222 2586 σοι·

130 2633 315 2713 ροιγοινθντες
345 2632 507 2699 θὲτιθλιν
529 2632 592 2711 περὶ
616 2637 672 2697 τῶν
695 2634 800 2697 αὐτῶν.
847 2630 889 2695 Et
912 2631 1066 2716 superiore
1089 2633 1222 2717 quodem

130 2746 242 2812 iudicio
275 2748 307 2812 εἰι
337 2754 389 2821 τῆς
404 2745 529 2847 ’πόλεως
552 2743 678 2821 ἐξηλάθη
705 2745 802 2829 §liz
826 2744 860 2808 τθ
883 2743 913 2808 δὲ
934 2752 1120 2824 senseram,
1145 2747 1222 2825 νομί-

129 2856 221 2937 ζοντες
253 2860 311 2939 οὐχ
338 2859 441 2929 ἱκοινῶς
464 2881 504 2936 με
528 2857 757 2937 τετιμωρῆσθαι,
782 2854 830 2940 [τθ
852 2854 956 2940 τέρεος]
981 2858 1014 2921 ἐκ
1037 2865 1090 2932 τῆς
1109 2857 1220 2931 τθλεως

130 2967 287 3045 ἐξήλοισονι.
334 2967 377 3033 Et
406 2974 509 3032 temen
539 2988 622 3032 nuno
654 2987 776 3030 oensem
807 2964 884 3051 dicit
915 2973 945 3030 et
968 2965 1006 3031 eb
1028 2969 1082 3032 Ιιοο
1105 2968 1219 3034 iudicio

130 3080 260 3164 pendere
282 3086 430 3158 testetur,
454 3101 529 3144 uum
551 3084 673 3143 monent
696 3077 729 3142 in
752 3077 875 3142 civitate
897 3079 914 3162 t
938 3078 990 3141 21.
1030 3077 1112 3144 Nolo
1128 3082 1219 3148 nimis

130 3214 263 3275 premere
293 3191 347 3257 illu
376 3191 467 3257 verbs
496 3191 559 3270 περὶ
590 3195 646 3256 τῶν
675 3192 788 3265 αὐτῶν,
812 3196 847 3253 ut
871 3188 909 3254 (le
932 3188 1049 3255 mulete
1072 3191 1217 3257 solvende

131 3300 174 3366 bis
197 3304 226 3368 ei
250 3302 315 3368 dies
341 3302 443 3371 dietus
469 3301 595 3379 inisset,
622 3338 668 3349 -
694 3299 777 3385 quod
804 3306 840 3365 ut
867 3322 1071 3380 sumeremus,
1099 3302 1217 3387 relique

132 3414 275 3483 orationis
297 3434 367 3501 pers
390 3436 452 3479 non
475 3412 675 3500 permitteret.
721 3410 782 3475 Sed
805 3411 852 3475 feo
875 3411 1062 3497 Polyaenum
1085 3414 1217 3499 primum

133 3533 253 3611 propter
281 3525 457 3606 θστροιτειόιν
488 3523 743 3600 condemnatum
777 3523 832 3609 qui
859 3523 1001 3588 convenit
1023 3547 1093 3589 eum
1116 3524 1216 3591 dieere

133 3657 162 3700 se
183 3636 275 3701 exilio
297 3635 482 3701 mulctatum
509 3633 595 3699 esset
641 3633 744 3698 Poene
767 3641 831 3699 erut
851 3635 975 3713 σὶτιμθοι,
996 3658 1088 3720 quem
1110 3637 1137 3701 si
1159 3638 1216 3702 Po·

133 3743 255 3830 lyaenus
285 3745 494 3832 aequiperavit
524 3767 594 3809 oum
624 3743 735 3823 exilio,
772 3746 918 3829 quonium
948 3750 1213 3816 commorationem

132 3855 162 3920 in
191 3857 267 3923 urbe
302 3857 446 3923 damnato
477 3856 536 3921 sibi
566 3855 788 3921 intolerabilem
818 3857 962 3942 putabat,
998 3850 1101 3925 temen
1130 3885 1213 3929 nuno

132 3964 232 4044 ἄτιμος
262 3991 385 4035 oensem
415 3967 514 4033 dioere
542 3989 604 4031 non
635 3973 765 4052 poteret.
811 3966 853 4032 Et
880 3968 918 4032 de
945 3969 1045 4054 priore
1067 3972 1121 4037 ille
1144 3996 1214 4038 oon-

131 4076 321 4152 denmetione
350 4081 383 4145 in
413 4102 520 4145 eeusse
546 4079 738 4143 enarratione
760 4077 850 4163 plene
874 4080 989 4145 siletur.
1035 4082 1115 4149 Sunt
1138 4084 1212 4150 haee

133 4192 244 4270 omniu,
269 4199 305 4256 ut
327 4191 481 4257 lenissime
504 4191 620 4268 dicum,
645 4189 810 4255 admodum
833 4191 963 4257 obscure
986 4201 1016 4259 et
1038 4194 1212 4282 itsoomps-

132 4307 209 4381 rsts,
233 4311 269 4367 ut
290 4326 383 4391 parve
404 4304 574 4368 mutatione
597 4324 644 4367 res
667 4302 804 4367 resereiri
826 4324 889 4368 non
912 4307 1017 4390 possit.
1053 4306 1119 4372 Nee
1134 4308 1210 4374 tales

130 4422 319 4482 removentur
348 4418 568 4502 repugnantiae
598 4422 734 4485 assumta
754 4414 866 4479 laeuus
888 4423 942 4480 sut
965 4418 1208 4507 interpolatione.
