2994 5234
814 447 879 507 208

302 642 504 728 adscriptieiis
539 640 764 728 (δνμοποιιρτοῖς)
798 663 868 705 raro
902 642 1153 726 permittebatur,
1185 642 1265 726 patri
1284 648 1377 705 tamen

299 774 479 817 concessum
501 751 611 827 fuisse,
630 772 727 835 quum
751 749 816 834 ipse
840 750 964 815 civitate
987 751 1161 830 donaretur,
1186 758 1222 815 nt
1245 728 1376 815 Nicoma-

301 863 393 926 chum
410 861 472 925 iam
488 860 608 943 aliquot
620 880 716 922 aranos
729 865 837 922 natum
849 859 882 922 in
895 859 1050 943 phratriae
1062 861 1235 945 catalogum
1248 862 1378 936 inferret,

299 971 391 1036 fidem
421 970 495 1034 facit
525 970 543 1054 d
573 971 611 1031 ἐν
642 967 693 1033 καὶ
722 962 769 1032 ola
792 969 850 1040 νέος
873 968 909 1033 ὢν
931 966 1013 1042 οὗτος
1035 971 1226 1054 ἐπετήδευσε,
1253 972 1299 1036 καὶ
1321 970 1380 1035 dra

298 1081 358 1156 ἐτη
392 1079 550 1157 γεγονὼς
576 1077 626 1149 εἰς
652 1076 732 1147 τοὺς
755 1074 938 1158 Φριίτερας
961 1080 1127 1161 είςνίχίνρ,
1152 1080 1229 1145 πολὺ
1251 1078 1285 1144 da
1307 1079 1380 1160 ἔργον

299 1189 341 1266 ria
367 1189 475 1267 λέγειν.
523 1186 584 1250 Vix
608 1186 691 1250 enim
713 1185 771 1249 hoc
795 1187 899 1270 potuit
920 1188 1008 1271 pueri
1031 1195 1086 1252 aut
1109 1187 1307 1253 adolescentis
1329 1210 1382 1251 me·

300 1300 368 1364 ritis
398 1300 432 1363 in
462 1320 527 1361 rem
557 1295 713 1381 publicam
744 1295 856 1359 deberi.
904 1294 977 1361 Non
1004 1298 1114 1361 inutile
1145 1299 1203 1363 erit
1226 1297 1381 1362 contulisse

302 1410 405 1474 locum
437 1407 654 1491 Aristophanis
686 1406 947 1490 elegantissimum
976 1407 1010 1471 in
1039 1407 1117 1472 Rau.
1141 1412 1225 1474 417:
1255 1407 1383 1473 Βούλεσθε

301 1521 376 1596 δῆτα
408 1529 483 1600 κοινῇ
517 1517 687 1597 Σαώψωαεν
715 1516 915 1596 Ἀρχέδημον,
942 1514 1001 1589 Ὃς
1023 1519 1147 1594 ἐπτέτνς
1171 1519 1208 1583 ὢν
1229 1521 1279 1584 οὐκ
1300 1518 1384 1597 ἔφυτε

302 1628 473 1713 φρατεραςς
502 1626 645 1691 Ceterum
672 1626 710 1689 cf.
735 1625 873 1692 Schoem.
902 1627 976 1691 Aut.
1000 1626 1065 1691 Iur.
1089 1627 1181 1692 Publ.
1206 1650 1237 1712 p.
1262 1628 1333 1690 207.
1356 1628 1382 1686 d.

305 1736 530 1803 Nicomachum
560 1736 672 1820 igitur,
701 1743 737 1798 ut
758 1736 812 1818 qui
843 1735 951 1819 populi
974 1735 1120 1799 beneficio
1144 1737 1247 1799 omnia
1269 1736 1384 1799 deberet
1474 1740 1475 1743 ’

303 1850 392 1933 eique
424 1847 512 1930 quasi
539 1846 747 1929 emancipatus
778 1851 874 1921 esset,
906 1844 1038 1922 δημόσιον
1069 1846 1204 1931 appeHat
1234 1848 1261 1930 (p
1292 1848 1321 1929 6)
1349 1842 1383 1906 ad

301 1956 557 2023 calumniandum
578 1955 697 2039 vulgari
720 1953 868 2039 loquendi
891 1953 1108 2017 consuetudini
1131 1955 1191 2017 vim
1215 1956 1352 2019 inferens.

347 2067 490 2151 Denique
522 2087 583 2149 quo
613 2063 710 2147 magis
742 2072 849 2146 urgeat
880 2070 982 2126 orator
1010 2064 1137 2127 rationis
1169 2087 1232 2128 non
1255 2062 1383 2128 redditae

304 2177 442 2261 culpam,
477 2175 515 2239 de
539 2175 667 2246 εὐθύναις
690 2195 726 2236 ea
747 2179 868 2250 narrat,
893 2194 971 2255 quae
996 2196 1057 2236 uon
1081 2175 1217 2258 potuerit
1238 2197 1301 2238 nou
1323 2195 1385 2237 con·

194 2272 197 2277 ’
301 2287 383 2351 salto
406 2286 529 2370 fingere.
577 2285 616 2349 Οἱ
639 2284 692 2361 μὲν
711 2281 815 2362 ἄλλοι,
842 2283 962 2366 iuquit,
985 2292 1038 2358 τῆς
1062 2285 1157 2347 αὑτῶν
1179 2285 1275 2365 ἀρχῆς
1298 2281 1384 2348 κατα

300 2395 525 2478 πρυτανείαν
555 2392 642 2469 λόγον
672 2392 864 2474 ἀναφέρουσι,
893 2392 929 2456 σὺ
952 2391 977 2454 δ’
1000 2387 1021 2454 ὦ
1044 2391 1220 2472 Νικόμαχε,
1242 2394 1303 2458 οὐδὲ
1324 2415 1383 2456 τετ·

300 2508 393 2589 ταρινν
424 2509 498 2570 ἐτῶν
529 2502 652 2579 ἠξίωσας
680 2502 845 2581 ἐγγράψαι.
892 2500 999 2564 Fuisse
1022 2509 1211 2565 menstruam
1235 2521 1384 2566 censuram

299 2619 333 2681 in
363 2617 461 2701 prima
494 2610 644 2699 cuiusque
667 2612 824 2697 prytauiae
847 2612 989 2674 contione
1013 2612 1261 2696 (ἐπιχειροτονίαν)
1284 2618 1383 2674 notum

303 2733 350 2790 est
356 2753 365 2803 3
400 2725 453 2789 sed
482 2725 649 2809 rogabatur
679 2729 803 2786 tantum
826 2721 859 2783 in
882 2720 1060 2784 universum
1083 2721 1218 2804 populus
1242 2744 1315 2785 num
1338 2717 1384 2801 qui

299 2836 499 2920 magistratus
530 2836 563 2898 in
593 2855 719 2898 munere
742 2830 875 2916 gerendo
899 2836 1005 2893 contra
1028 2830 1110 2913 leges
1134 2838 1289 2914 peccasset
1296 2857 1306 2908 3
1329 2849 1383 2892 uon

300 2946 418 3029 singuli
440 2946 638 3030 magistratus
653 2943 786 3006 rationes
803 2940 934 3017 dabant3
951 2961 1077 3003 munere
1094 2938 1237 3024 deposito
1254 2940 1382 3010 demum,

299 3056 381 3119 iutra
413 3055 542 3139 triginta
569 3054 650 3130 dies,
674 3052 808 3114 rationes
831 3048 993 3113 debebant.
1040 3046 1132 3127 Quod
1156 3049 1182 3111 si
1205 3049 1292 3113 lubet
1314 3050 1383 3111 hano

300 3164 524 3246 ἐπιχειροτονίαν
547 3162 647 3225 dicere
670 3161 806 3236 εὐθύνας,
830 3157 936 3222 eodem
952 3157 1017 3220 iure
1032 3157 1241 3221 Nicomachus
1258 3159 1381 3221 rationes

302 3275 410 3359 quavis
435 3273 575 3360 prytanis
598 3271 716 3335 dedisse
739 3269 800 3331 dici
819 3272 954 3351 poterat,
979 3287 1041 3351 quo
1057 3266 1168 3351 reliqui
1184 3267 1381 3350 magistratus.

302 3386 404 3451 Verba
435 3385 564 3450 oratoris
595 3384 630 3466 (οἱ
664 3383 718 3460 μὲν
748 3377 847 3462 ἄλλοι)
876 3378 921 3441 ita
942 3376 1113 3460 generatim
1136 3376 1219 3440 dicta
1242 3383 1330 3452 sunt,
1352 3379 1382 3433 ut

300 3497 462 3561 manifesto
483 3495 560 3558 falsa
583 3490 698 3568 tradat,
723 3495 754 3552 et
777 3485 918 3551 consulto
942 3484 1085 3568 quidem,
1110 3486 1257 3569 quoniam
1276 3479 1381 3549 nemini

300 3606 433 3670 Athenis
464 3604 496 3667 in
526 3625 558 3666 re
588 3600 712 3686 publica
742 3596 790 3660 vel
820 3594 940 3658 modice
968 3601 1105 3671 versato,
1138 3594 1255 3658 nedum
1277 3588 1379 3657 oratori

298 3717 407 3800 ignota
430 3713 533 3798 potuit
555 3734 602 3775 res
621 3731 695 3773 esse.
730 3707 763 3770 si
786 3705 914 3782 fuerint,
939 3704 993 3786 qui
1009 3704 1116 3787 quovis
1140 3725 1244 3767 mense
1259 3706 1380 3769 rationes

302 3826 379 3911 gesti
402 3823 539 3889 muneris
562 3820 644 3905 apud
667 3827 810 3904 prytanea
834 3815 1033 3899 deposuerint
1049 3815 1253 3899 (ἐγγράφειν),
1271 3830 1383 3878 consen·

301 3944 426 4000 taneum
458 3939 503 3997 est
526 3932 621 3995 fuisse
643 3952 712 4006 eos,
737 3928 791 4011 qui
813 3925 961 4011 pecuniae
985 3923 1281 3988 administrationem
1304 3920 1382 3986 habe·

298 4052 385 4122 rent,
409 4043 461 4108 sed
485 4042 524 4107 ad
554 4041 610 4105 hos
633 4037 840 4103 Nicomachus
863 4057 925 4098 uon
948 4032 1129 4117 pertinebat.

342 4153 430 4234 Quae
465 4152 555 4216 attuli
585 4156 767 4234 exaggerata
797 4153 828 4210 et
850 4167 868 4208 a
890 4164 962 4208 vero
986 4142 1122 4219 detorta,
1146 4149 1268 4219 tamen,
1293 4158 1378 4225 quun

235 4281 238 4287 '
299 4265 393 4350 culpa
414 4263 459 4329 rei
481 4263 519 4326 iis
542 4267 709 4346 augeatur,
730 4254 880 4321 eiusmodi
904 4275 968 4316 esse
991 4250 1144 4328 videntur,
1173 4259 1211 4313 ut
1234 4254 1381 4314 accusator

298 4373 507 4441 calumniandi
538 4371 641 4435 studio
669 4376 771 4433 motus
809 4365 908 4428 dicere
946 4361 1091 4446 potuerit.
1139 4358 1229 4422 Oauti
1265 4357 1377 4443 quiden
