2958 5238
607 460 669 522 123

105 666 186 723 antea
219 657 359 722 universa
397 656 477 722 bona
511 657 721 742 postulavisse.
767 657 876 741 ltaque
910 678 972 723 non
1000 653 1077 717 facio
1108 672 1177 714 cum

103 771 212 836 Cobeto
232 769 381 834 scribente
408 772 444 841 ὡς
473 770 502 834 δὲ
524 769 577 843 τὴν
599 771 690 844 adria
712 769 945 855 ἀμφισβήτησιν.
981 766 1177 829 Discriminia

102 882 197 966 potius
220 882 352 946 rationes
375 880 484 945 reddit.

141 991 207 1071 πρός
230 1016 265 1056 τε
288 993 365 1070 ὑμᾶς
388 992 437 1056 nal
461 991 526 1062 τοὺς
550 989 672 1062 ἰδιώτας.
707 988 865 1075 Temporis
892 986 997 1051 ordine
1019 982 1177 1048 observato

101 1103 207 1175 ἰδιώτας
231 1103 408 1189 praecedere
432 1101 576 1180 debebat3
600 1109 673 1167 sunt
696 1102 778 1166 enim
800 1104 1010 1183 Ἐρασιφῶντος
1030 1099 1130 1162 οἰκεῖοι.

116 1214 120 1227 ’
140 1210 189 1286 ἕως
207 1216 262 1293 μὲν
281 1217 341 1298 γὰρ
360 1219 428 1293 ἡμῖν
447 1216 472 1280 οἱ
492 1219 592 1294 Έροιο.
612 1215 702 1280 οἰκεῖοι
720 1252 765 1264 -
782 1213 904 1280 douvra
923 1210 1014 1289 ἠξίουν
1025 1209 1085 1287 ἐμοὶ
1096 1202 1177 1272 rivos.

13 1360 15 1363 ·
102 1325 246 1413 Opposita
269 1333 341 1391 sunt
365 1348 443 1411 quae
465 1328 481 1412 d
505 1328 524 1389 6
548 1326 695 1411 leguntur
717 1326 812 1401 ἐπειδὴ
835 1324 860 1390 δ’
880 1325 947 1403 ὑμῖν
965 1358 1010 1372 -
1030 1319 1120 1403 οἰφεῖς
1139 1328 1176 1401 τῇ

13 1450 14 1453 ’
101 1440 175 1511 πόλει
197 1440 239 1504 τοὶ
263 1438 310 1504 δύο
332 1438 413 1518 μέρη.

140 1551 186 1616 cal
210 1552 251 1617 τοὶ
274 1551 328 1628 μὲι
343 1558 481 1634 Σφηττοῖ
495 1588 558 1627 -,
581 1555 637 1615 τῶν
655 1549 684 1614 δὲ
703 1557 817 1615 Kraunoi
829 1549 878 1614 nal
897 1557 949 1624 τῆς
969 1548 1068 1620 οἰκίας.
1093 1547 1178 1612 Haec

101 1661 133 1726 ab
164 1669 266 1726 actore
294 1684 434 1747 possessa
464 1671 517 1726 aut
547 1661 700 1726 vindicata
733 1660 771 1725 ad
798 1661 878 1727 bona
907 1659 1082 1725 Erasistrati
1114 1681 1179 1744 per·

13 1834 15 1837 ,
101 1773 233 1837 tinebant
240 1799 251 1851 ;
278 1773 353 1858 cit
380 1776 409 1837 6.
455 1772 568 1838 Eorum
592 1752 831 1839 aestimationem
854 1773 997 1860 proponit
1018 1774 1035 1857 p
1059 1773 1088 1837 7.
1124 1769 1177 1835 Oc·

13 1910 14 1913 ¹
101 1890 192 1948 terum
223 1884 298 1948 haec
329 1884 389 1968 (κοιὶ
419 1883 459 1948 τοὶ
482 1885 535 1963 μὲι
555 1924 599 1935 -
621 1885 731 1971 ἔχουσι)
756 1875 808 1970 per
830 1884 1026 1971 parenthesin
1048 1883 1179 1968 interpo-

102 1995 153 2058 sita
181 1995 341 2060 illustrant
364 1995 519 2080 superiora
541 1996 554 2060 ὁ
578 1993 801 2078 Ἐροιοίοτροιτος
826 1996 942 2073 ἡττήθη.
987 1994 1046 2058 Per
1069 1994 1180 2073 διεγρά-

101 2111 189 2186 dovre
216 2105 299 2171 redit
325 2106 364 2170 ad
388 2106 600 2190 Ἐρασιφῶντος
627 2108 758 2186 οἰκείους,
788 2108 842 2193 qui
873 2128 927 2192 pro
957 2106 1177 2194 Erasiphonte,

101 2225 261 2282 mercatore
283 2241 408 2283 causam
432 2217 581 2284 dicebant.

140 2328 238 2410 πέρυσι
270 2329 432 2417 superiore
455 2351 552 2406 anno,
577 2337 691 2395 aestate
713 2331 763 2416 (cf.
788 2332 841 2396 Ar.
865 2331 942 2396 Ach.
967 2333 1006 2397 37
1013 2334 1060 2417 8),
1084 2351 1180 2415 quum

102 2442 278 2507 nautodicae
309 2442 357 2505 ius
388 2464 451 2507 non
482 2441 634 2507 dicebant.
680 2442 788 2508 Hieme
822 2445 959 2509 insecuta
989 2466 1091 2509 mense
1121 2443 1179 2508 Ga·

102 2551 225 2619 melione
258 2552 371 2617 frustra
398 2538 435 2617 nt
462 2553 511 2617 ius
534 2552 670 2618 dicerent
692 2555 791 2640 rogati
814 2562 909 2619 erant.
955 2553 1047 2620 Nunc
1070 2578 1116 2619 res
1140 2554 1178 2619 ad

102 2683 188 2728 novos
210 2664 392 2730 nautodicas
416 2666 527 2730 reiecta
549 2671 630 2744 erat,
654 2668 671 2752 ξ
695 2669 714 2730 8
737 2669 802 2739 τοὺς
826 2673 873 2732 viv
896 2668 1081 2745 ναυτοδίκας,
1103 2690 1179 2752 quos

104 2783 284 2854 antestatnr,
307 2787 343 2841 ut
374 2777 570 2856 confirment,
601 2799 724 2842 causam
755 2802 786 2844 se
817 2779 1063 2845 adecessoribus
1086 2783 1175 2864 (quos
1243 2842 1255 2866 .

105 2886 160 2959 τοὺς
182 2890 299 2970 πέρυσιν
321 2886 469 2970 ἄρξοντος
492 2888 578 2973 dicit)
602 2891 761 2975 accepisse.

140 2997 211 3065 Sine
243 3000 497 3064 commentatione
528 3000 668 3086 diligenti
698 3009 752 3066 aut
778 3002 941 3087 interprete
964 3003 1038 3067 haec
1061 3002 1111 3066 vix
1133 3003 1179 3067 in·

77 3169 78 3172 ,
103 3107 304 3196 telleguntor;
325 3111 352 3175 si
370 3109 485 3175 iudices
505 3111 583 3176 nihil
602 3119 720 3197 praeter
739 3113 827 3192 haec,
847 3136 926 3198 quae
944 3136 1026 3179 nunc
1043 3120 1178 3191 exstant,

103 3221 303 3301 audivissent,
334 3221 409 3287 οὐδὲν
440 3222 493 3298 ἄν,
527 3231 561 3286 ut
591 3245 662 3317 cum
685 3225 888 3310 Aristophane
911 3225 1035 3310 loquar,
1059 3222 1134 3290 εἶδον
1157 3226 1180 3289 εἰ
1204 3286 1206 3291 ,
1293 3304 1296 3311 Ι

102 3333 140 3407 μὴ
168 3341 219 3407 τῆς
253 3331 330 3408 itanc
353 3334 404 3407 τὴν
427 3331 555 3416 ἠλύγην,
579 3356 635 3398 nec
658 3334 815 3419 probabile
839 3345 884 3400 est
907 3359 957 3401 eos
981 3336 1093 3400 oratori
1116 3356 1202 3400 rem.

103 3441 326 3510 adiudicaturos
350 3444 444 3510 fuisse
453 3495 462 3524 ,
489 3453 519 3510 et
543 3446 597 3532 qui
615 3445 688 3511 talia
707 3446 745 3511 ad
765 3438 1009 3534 persuadendum
1028 3456 1100 3534 apta
1117 3471 1181 3512 esse

103 3562 233 3636 putaret,
259 3558 386 3622 oratoris
410 3558 532 3622 nomine
555 3581 618 3623 uon
642 3566 722 3623 esset
741 3559 862 3645 dignus.
895 3561 1016 3625 Dantur
1035 3561 1085 3624 hic
1103 3583 1181 3645 quae

104 3664 137 3727 ad
159 3667 355 3733 divinandam
378 3692 500 3733 causam
523 3678 596 3734 sunt
617 3671 802 3748 necessaria,
826 3694 888 3736 non
912 3694 990 3756 qnae
1014 3671 1052 3735 ad
1071 3671 1180 3736 docen-

105 3773 154 3840 dos
176 3780 340 3844 auditores.
386 3779 493 3866 Longe
523 3782 619 3845 maior
648 3804 716 3866 pars
744 3784 888 3868 temporis
912 3783 1023 3847 iniuria
1046 3782 1179 3860 interiit;

105 3888 188 3977 ctiam
219 3914 253 3956 ea
285 3914 361 3976 quae
393 3902 557 3979 supersunt
585 3893 697 3957 omisso
720 3894 852 3958 transitu
876 3903 906 3958 et
930 3918 1021 3960 cansa
1044 3918 1097 3959 cur
1121 3896 1180 3959 sin·

104 3998 171 4079 gula
189 4002 353 4068 afferantur
372 4005 423 4088 (cf.
443 4011 656 4090 argumentum
676 4027 693 4068 a
712 4027 761 4069 me
777 4005 894 4090 datum)
911 4005 989 4070 male
1007 4005 1178 4071 cohaerent.

105 4105 258 4179 Probabile
280 4116 515 4193 mihividetur,
541 4138 605 4180 esse
628 4115 706 4180 hanc
729 4118 896 4181 orationem
914 4117 1180 4194 commentarium,
1274 4189 1276 4195 .

105 4230 154 4285 aut
174 4227 276 4312 potius
299 4233 471 4315 excerptam
494 4249 558 4291 esse
581 4249 618 4291 ex
641 4229 774 4312 genuina
796 4227 934 4313 Lysiaca.
