<?xml version="1.0" encoding="UTF-8"?>
<!DOCTYPE html PUBLIC "-//W3C//DTD XHTML 1.0 Transitional//EN"
    "http://www.w3.org/TR/xhtml1/DTD/xhtml1-transitional.dtd">
<html xmlns="http://www.w3.org/1999/xhtml" xml:lang="en" lang="en">
 <head>
  <title>
</title>
<meta http-equiv="Content-Type" content="text/html;charset=utf-8" />
  <meta name='ocr-system' content='tesseract 3.04.00' />
  <meta name='ocr-capabilities' content='ocr_page ocr_carea ocr_par ocr_line ocrx_word'/>
</head>
<body>
  <div class='ocr_page' id='page_1' title='image "./commentationesl03frangoog_0182.png"; bbox 0 0 2994 5234; ppageno 0'>
   <div class='ocr_carea' id='block_1_1' title="bbox 668 358 674 385">
    <p class='ocr_par' dir='ltr' id='par_1_1' title="bbox 668 358 674 385">
     <span class='ocr_line' id='line_1_1' title="bbox 668 358 674 385; baseline 0 0"><span class='ocrx_word' id='word_1_1' title='bbox 668 358 674 385; x_wconf 78' lang='lat' dir='ltr'><strong>t</strong></span> 
     </span>
    </p>
   </div>
   <div class='ocr_carea' id='block_1_2' title="bbox 668 437 729 501">
    <p class='ocr_par' dir='ltr' id='par_1_2' title="bbox 668 437 729 501">
     <span class='ocr_line' id='line_1_2' title="bbox 668 437 729 501; baseline 0.033 -2"><span class='ocrx_word' id='word_1_2' title='bbox 668 437 729 501; x_wconf 81' lang='lat' dir='ltr'><strong>lot</strong></span> 
     </span>
    </p>
   </div>
   <div class='ocr_carea' id='block_1_3' title="bbox 65 625 1244 4321">
    <p class='ocr_par' dir='ltr' id='par_1_3' title="bbox 65 625 1244 1597">
     <span class='ocr_line' id='line_1_3' title="bbox 146 625 1244 722; baseline -0.014 -18"><span class='ocrx_word' id='word_1_3' title='bbox 146 638 200 703; x_wconf 79' lang='lat' dir='ltr'><strong>Ex</strong></span> <span class='ocrx_word' id='word_1_4' title='bbox 234 639 416 703; x_wconf 87' lang='lat' dir='ltr'><strong>oonieoturis</strong></span> <span class='ocrx_word' id='word_1_5' title='bbox 451 636 682 722; x_wconf 85' lang='lat' dir='ltr'><strong>propositis-</strong></span> <span class='ocrx_word' id='word_1_6' title='bbox 709 634 798 711; x_wconf 72' lang='grc' dir='ltr'><em>ἔγνων</em></span> <span class='ocrx_word' id='word_1_7' title='bbox 829 630 888 712; x_wconf 62' lang='lat' dir='ltr'><strong>yae</strong></span> <span class='ocrx_word' id='word_1_8' title='bbox 918 629 1057 706; x_wconf 68' lang='lat' dir='ltr'><strong>Schera,</strong></span> <span class='ocrx_word' id='word_1_9' title='bbox 1081 627 1160 704; x_wconf 74' lang='grc' dir='ltr'><em>λέγω</em></span> <span class='ocrx_word' id='word_1_10' title='bbox 1184 625 1244 702; x_wconf 69' lang='grc' dir='ltr'><strong>γάρ</strong></span> 
     </span>
     <span class='ocr_line' id='line_1_4' title="bbox 146 735 1242 824; baseline -0.012 -14"><span class='ocrx_word' id='word_1_11' title='bbox 146 747 334 812; x_wconf 79' lang='lat' dir='ltr'><strong>dubitanter</strong></span> <span class='ocrx_word' id='word_1_12' title='bbox 355 746 477 823; x_wconf 67' lang='lat' dir='ltr'><strong>Reisk„</strong></span> <span class='ocrx_word' id='word_1_13' title='bbox 502 750 610 810; x_wconf 80' lang='grc' dir='ltr'><em>τοιοῦτο</em></span> <span class='ocrx_word' id='word_1_14' title='bbox 634 744 735 824; x_wconf 81' lang='grc' dir='ltr'><em>νεμῖζω</em></span> <span class='ocrx_word' id='word_1_15' title='bbox 758 743 814 806; x_wconf 74' lang='grc' dir='ltr'><em>δεῖν</em></span> <span class='ocrx_word' id='word_1_16' title='bbox 838 741 886 804; x_wconf 66' lang='lat' dir='ltr'><strong>net</strong></span> <span class='ocrx_word' id='word_1_17' title='bbox 909 744 993 804; x_wconf 77' lang='grc' dir='ltr'><em>τοῦτο</em></span> <span class='ocrx_word' id='word_1_18' title='bbox 1014 743 1050 817; x_wconf 80' lang='grc' dir='ltr'><strong>φ.</strong></span> <span class='ocrx_word' id='word_1_19' title='bbox 1067 736 1167 819; x_wconf 66' lang='lat' dir='ltr'><strong>lapi„</strong></span> <span class='ocrx_word' id='word_1_20' title='bbox 1184 735 1242 810; x_wconf 82' lang='grc' dir='ltr'><strong>ἐγὼ</strong></span> 
     </span>
     <span class='ocr_line' id='line_1_5' title="bbox 144 845 1242 941; baseline -0.014 -20"><span class='ocrx_word' id='word_1_21' title='bbox 144 856 213 936; x_wconf 68' lang='grc' dir='ltr'><strong>γὰρ</strong></span> <span class='ocrx_word' id='word_1_22' title='bbox 246 859 297 937; x_wconf 80' lang='grc' dir='ltr'><em>ὑμῖν</em></span> <span class='ocrx_word' id='word_1_23' title='bbox 328 855 440 941; x_wconf 83' lang='lat' dir='ltr'><strong>Saupp.</strong></span> <span class='ocrx_word' id='word_1_24' title='bbox 475 893 517 904; x_wconf 95' lang='lat'>-</span> <span class='ocrx_word' id='word_1_25' title='bbox 546 853 693 918; x_wconf 84' lang='lat' dir='ltr'><strong>facillima</strong></span> <span class='ocrx_word' id='word_1_26' title='bbox 729 851 821 916; x_wconf 89' lang='lat' dir='ltr'><strong>simul</strong></span> <span class='ocrx_word' id='word_1_27' title='bbox 852 857 882 914; x_wconf 85' lang='lat' dir='ltr'><strong>et</strong></span> <span class='ocrx_word' id='word_1_28' title='bbox 911 847 1079 912; x_wconf 86' lang='lat' dir='ltr'><strong>sententiae</strong></span> <span class='ocrx_word' id='word_1_29' title='bbox 1112 845 1242 909; x_wconf 84' lang='lat' dir='ltr'><strong>maxime</strong></span> 
     </span>
     <span class='ocr_line' id='line_1_6' title="bbox 146 954 1241 1053; baseline -0.012 -24"><span class='ocrx_word' id='word_1_30' title='bbox 146 966 381 1031; x_wconf 83' lang='lat' dir='ltr'><strong>aooommodata</strong></span> <span class='ocrx_word' id='word_1_31' title='bbox 412 972 457 1030; x_wconf 89' lang='lat' dir='ltr'><strong>est</strong></span> <span class='ocrx_word' id='word_1_32' title='bbox 488 973 656 1053; x_wconf 87' lang='lat' dir='ltr'><strong>postrema:</strong></span> <span class='ocrx_word' id='word_1_33' title='bbox 681 964 739 1039; x_wconf 82' lang='grc' dir='ltr'><strong>ἐγὼ</strong></span> <span class='ocrx_word' id='word_1_34' title='bbox 762 962 822 1039; x_wconf 69' lang='grc' dir='ltr'><strong>γὰρ</strong></span> <span class='ocrx_word' id='word_1_35' title='bbox 844 963 914 1042; x_wconf 70' lang='lat' dir='ltr'><strong>tro,</strong></span> <span class='ocrx_word' id='word_1_36' title='bbox 940 981 958 1021; x_wconf 90' lang='lat' dir='ltr'><strong>a</strong></span> <span class='ocrx_word' id='word_1_37' title='bbox 980 954 1241 1021; x_wconf 81' lang='lat' dir='ltr'><strong>Ruuohensteinio</strong></span> 
     </span>
     <span class='ocr_line' id='line_1_7' title="bbox 145 1065 1242 1155; baseline -0.013 -16"><span class='ocrx_word' id='word_1_38' title='bbox 145 1075 287 1153; x_wconf 81' lang='lat' dir='ltr'><strong>edeoita3</strong></span> <span class='ocrx_word' id='word_1_39' title='bbox 319 1097 390 1139; x_wconf 86' lang='lat' dir='ltr'><strong>nam</strong></span> <span class='ocrx_word' id='word_1_40' title='bbox 422 1075 502 1140; x_wconf 87' lang='lat' dir='ltr'><strong>inter</strong></span> <span class='ocrx_word' id='word_1_41' title='bbox 529 1084 580 1140; x_wconf 83' lang='lat' dir='ltr'><strong>AP</strong></span> <span class='ocrx_word' id='word_1_42' title='bbox 604 1080 635 1137; x_wconf 89' lang='lat' dir='ltr'><strong>et</strong></span> <span class='ocrx_word' id='word_1_43' title='bbox 659 1082 693 1136; x_wconf 84' lang='grc' dir='ltr'>Ω</span> <span class='ocrx_word' id='word_1_44' title='bbox 716 1072 818 1135; x_wconf 84' lang='lat' dir='ltr'><strong>omitti</strong></span> <span class='ocrx_word' id='word_1_45' title='bbox 840 1069 977 1155; x_wconf 87' lang='lat' dir='ltr'><strong>potuisse</strong></span> <span class='ocrx_word' id='word_1_46' title='bbox 1001 1075 1089 1132; x_wconf 77' lang='lat' dir='ltr'><strong>oro</strong></span> <span class='ocrx_word' id='word_1_47' title='bbox 1112 1065 1242 1150; x_wconf 90' lang='lat' dir='ltr'><strong>quisque</strong></span> 
     </span>
     <span class='ocr_line' id='line_1_8' title="bbox 143 1178 1241 1269; baseline -0.011 -22"><span class='ocrx_word' id='word_1_48' title='bbox 143 1184 244 1248; x_wconf 86' lang='lat' dir='ltr'><strong>videt.</strong></span> <span class='ocrx_word' id='word_1_49' title='bbox 292 1183 459 1269; x_wconf 73' lang='lat' dir='ltr'>Sequentia</span> <span class='ocrx_word' id='word_1_50' title='bbox 481 1193 588 1248; x_wconf 84' lang='lat' dir='ltr'><strong>sanate</strong></span> <span class='ocrx_word' id='word_1_51' title='bbox 610 1191 716 1258; x_wconf 86' lang='lat' dir='ltr'><strong>erunt,</strong></span> <span class='ocrx_word' id='word_1_52' title='bbox 746 1181 772 1244; x_wconf 92' lang='lat' dir='ltr'><strong>si</strong></span> <span class='ocrx_word' id='word_1_53' title='bbox 794 1201 849 1265; x_wconf 90' lang='lat' dir='ltr'><strong>pro</strong></span> <span class='ocrx_word' id='word_1_54' title='bbox 872 1178 967 1258; x_wconf 85' lang='grc' dir='ltr'><em>ζητεῖν</em></span> <span class='ocrx_word' id='word_1_55' title='bbox 991 1202 1018 1241; x_wconf 92' lang='grc' dir='ltr'><strong>κ.</strong></span> <span class='ocrx_word' id='word_1_56' title='bbox 1043 1201 1071 1241; x_wconf 92' lang='grc' dir='ltr'><em>τ.</em></span> <span class='ocrx_word' id='word_1_57' title='bbox 1095 1183 1131 1256; x_wconf 81' lang='grc' dir='ltr'><strong>Φ.</strong></span> <span class='ocrx_word' id='word_1_58' title='bbox 1156 1195 1241 1258; x_wconf 92' lang='lat' dir='ltr'><strong>repo·</strong></span> 
     </span>
     <span class='ocr_line' id='line_1_9' title="bbox 65 1284 1240 1374; baseline -0.01 -16"><span class='ocrx_word' id='word_1_59' title='bbox 65 1342 71 1349; x_wconf 82' lang='grc'>.</span> <span class='ocrx_word' id='word_1_60' title='bbox 141 1294 247 1358; x_wconf 87' lang='lat' dir='ltr'><strong>sneris</strong></span> <span class='ocrx_word' id='word_1_61' title='bbox 270 1293 365 1374; x_wconf 85' lang='grc' dir='ltr'><em>ζητεῖν</em></span> <span class='ocrx_word' id='word_1_62' title='bbox 387 1299 472 1358; x_wconf 84' lang='grc' dir='ltr'><em>τνὺτε</em></span> <span class='ocrx_word' id='word_1_63' title='bbox 495 1293 545 1357; x_wconf 70' lang='lat' dir='ltr'><strong>aa)</strong></span> <span class='ocrx_word' id='word_1_64' title='bbox 568 1299 757 1374; x_wconf 76' lang='grc' dir='ltr'><em>Φελεσνφεῖν,</em></span> <span class='ocrx_word' id='word_1_65' title='bbox 782 1290 815 1354; x_wconf 89' lang='lat' dir='ltr'><strong>in</strong></span> <span class='ocrx_word' id='word_1_66' title='bbox 839 1310 932 1372; x_wconf 84' lang='lat' dir='ltr'><strong>quam</strong></span> <span class='ocrx_word' id='word_1_67' title='bbox 956 1287 1164 1350; x_wconf 80' lang='lat' dir='ltr'><strong>coniecturam</strong></span> <span class='ocrx_word' id='word_1_68' title='bbox 1180 1284 1240 1347; x_wconf 88' lang='lat' dir='ltr'><strong>iem</strong></span> 
     </span>
     <span class='ocr_line' id='line_1_10' title="bbox 141 1395 1240 1487; baseline -0.009 -20"><span class='ocrx_word' id='word_1_69' title='bbox 141 1403 295 1467; x_wconf 80' lang='lat' dir='ltr'><strong>inuidisse</strong></span> <span class='ocrx_word' id='word_1_70' title='bbox 327 1402 417 1467; x_wconf 81' lang='lat' dir='ltr'><strong>video</strong></span> <span class='ocrx_word' id='word_1_71' title='bbox 449 1404 637 1487; x_wconf 85' lang='lat' dir='ltr'><strong>Augerium,</strong></span> <span class='ocrx_word' id='word_1_72' title='bbox 674 1425 691 1466; x_wconf 89' lang='lat' dir='ltr'><strong>a</strong></span> <span class='ocrx_word' id='word_1_73' title='bbox 725 1399 944 1465; x_wconf 81' lang='lat' dir='ltr'><strong>recentioribus</strong></span> <span class='ocrx_word' id='word_1_74' title='bbox 978 1395 1163 1481; x_wconf 84' lang='lat' dir='ltr'><strong>neglectum.</strong></span> <span class='ocrx_word' id='word_1_75' title='bbox 1195 1430 1240 1441; x_wconf 81' lang='lat'><strong>—-</strong></span> 
     </span>
     <span class='ocr_line' id='line_1_11' title="bbox 141 1509 959 1597; baseline -0.006 -20"><span class='ocrx_word' id='word_1_76' title='bbox 141 1514 310 1594; x_wconf 76' lang='grc' dir='ltr'><em>Ῥηυντὺνην</em></span> <span class='ocrx_word' id='word_1_77' title='bbox 334 1520 484 1577; x_wconf 78' lang='lat' dir='ltr'><strong>corrector</strong></span> <span class='ocrx_word' id='word_1_78' title='bbox 507 1513 617 1577; x_wconf 83' lang='lat' dir='ltr'><strong>sumsit</strong></span> <span class='ocrx_word' id='word_1_79' title='bbox 641 1534 677 1576; x_wconf 84' lang='lat' dir='ltr'><strong>ex</strong></span> <span class='ocrx_word' id='word_1_80' title='bbox 701 1514 718 1597; x_wconf 63' lang='lat' dir='ltr'><strong>t</strong></span> <span class='ocrx_word' id='word_1_81' title='bbox 745 1514 802 1587; x_wconf 89' lang='lat' dir='ltr'><strong>ll,</strong></span> <span class='ocrx_word' id='word_1_82' title='bbox 827 1509 884 1574; x_wconf 90' lang='lat' dir='ltr'><strong>sub</strong></span> <span class='ocrx_word' id='word_1_83' title='bbox 907 1510 959 1573; x_wconf 90' lang='lat' dir='ltr'><strong>fin.</strong></span> 
     </span>
    </p>

    <p class='ocr_par' dir='ltr' id='par_1_4' title="bbox 142 1616 1240 2145">
     <span class='ocr_line' id='line_1_12' title="bbox 192 1616 1237 1706; baseline -0.009 -21"><span class='ocrx_word' id='word_1_84' title='bbox 192 1624 212 1706; x_wconf 51' lang='grc' dir='ltr'>ᾗ</span> <span class='ocrx_word' id='word_1_85' title='bbox 237 1624 287 1685; x_wconf 88' lang='lat' dir='ltr'><strong>ll.</strong></span> <span class='ocrx_word' id='word_1_86' title='bbox 335 1621 414 1687; x_wconf 82' lang='lat' dir='ltr'><strong>Cum</strong></span> <span class='ocrx_word' id='word_1_87' title='bbox 446 1623 587 1687; x_wconf 85' lang='lat' dir='ltr'><strong>Soheibio</strong></span> <span class='ocrx_word' id='word_1_88' title='bbox 618 1623 696 1687; x_wconf 85' lang='lat' dir='ltr'><strong>faoio</strong></span> <span class='ocrx_word' id='word_1_89' title='bbox 729 1622 889 1687; x_wconf 85' lang='lat' dir='ltr'><strong>omittente</strong></span> <span class='ocrx_word' id='word_1_90' title='bbox 920 1618 1009 1701; x_wconf 70' lang='grc' dir='ltr'><strong>ῥᾴδιόν</strong></span> <span class='ocrx_word' id='word_1_91' title='bbox 1034 1619 1094 1682; x_wconf 80' lang='grc' dir='ltr'><em>ἐστι</em></span> <span class='ocrx_word' id='word_1_92' title='bbox 1117 1616 1237 1695; x_wconf 71' lang='grc' dir='ltr'><em>μαθεῖν,</em></span> 
     </span>
     <span class='ocr_line' id='line_1_13' title="bbox 142 1725 1237 1816; baseline -0.006 -24"><span class='ocrx_word' id='word_1_93' title='bbox 142 1732 160 1815; x_wconf 62' lang='grc' dir='ltr'><strong>ξ</strong></span> <span class='ocrx_word' id='word_1_94' title='bbox 190 1733 232 1793; x_wconf 79' lang='lat'><strong>12</strong></span> <span class='ocrx_word' id='word_1_95' title='bbox 256 1735 369 1796; x_wconf 82' lang='grc' dir='ltr'><em>σνωτνῖν</em></span> <span class='ocrx_word' id='word_1_96' title='bbox 391 1730 428 1795; x_wconf 76' lang='grc' dir='ltr'><strong>ἄν</strong></span> <span class='ocrx_word' id='word_1_97' title='bbox 451 1731 603 1796; x_wconf 76' lang='lat' dir='ltr'><strong>scribente</strong></span> <span class='ocrx_word' id='word_1_98' title='bbox 625 1754 681 1816; x_wconf 92' lang='lat' dir='ltr'><strong>pro</strong></span> <span class='ocrx_word' id='word_1_99' title='bbox 705 1735 816 1795; x_wconf 79' lang='grc' dir='ltr'><em>σνωτῖνν</em></span> <span class='ocrx_word' id='word_1_100' title='bbox 840 1737 871 1794; x_wconf 90' lang='lat' dir='ltr'><strong>et</strong></span> <span class='ocrx_word' id='word_1_101' title='bbox 893 1731 954 1807; x_wconf 80' lang='grc' dir='ltr'><em>εῖμί</em></span> <span class='ocrx_word' id='word_1_102' title='bbox 978 1750 1032 1813; x_wconf 87' lang='lat' dir='ltr'><strong>pro</strong></span> <span class='ocrx_word' id='word_1_103' title='bbox 1049 1728 1108 1801; x_wconf 78' lang='grc' dir='ltr'><em>εἵην</em></span> <span class='ocrx_word' id='word_1_104' title='bbox 1123 1727 1156 1790; x_wconf 93' lang='lat' dir='ltr'><strong>in</strong></span> <span class='ocrx_word' id='word_1_105' title='bbox 1172 1725 1237 1787; x_wconf 85' lang='lat' dir='ltr'><strong>his:</strong></span> 
     </span>
     <span class='ocr_line' id='line_1_14' title="bbox 143 1832 1240 1920; baseline -0.007 -15"><span class='ocrx_word' id='word_1_106' title='bbox 143 1840 259 1907; x_wconf 79' lang='grc' dir='ltr'><em>ν’ὑτυτὺν</em></span> <span class='ocrx_word' id='word_1_107' title='bbox 289 1843 367 1906; x_wconf 75' lang='grc' dir='ltr'><em>ἐστιν</em></span> <span class='ocrx_word' id='word_1_108' title='bbox 396 1838 418 1905; x_wconf 79' lang='grc' dir='ltr'><em>ὑ</em></span> <span class='ocrx_word' id='word_1_109' title='bbox 445 1843 556 1919; x_wconf 75' lang='grc' dir='ltr'><em>βουλή,</em></span> <span class='ocrx_word' id='word_1_110' title='bbox 588 1848 688 1907; x_wconf 80' lang='grc' dir='ltr'><em>τοῦτον</em></span> <span class='ocrx_word' id='word_1_111' title='bbox 711 1879 755 1891; x_wconf 95' lang='grc'>-</span> <span class='ocrx_word' id='word_1_112' title='bbox 783 1838 825 1906; x_wconf 82' lang='grc' dir='ltr'><em>ὑτν</em></span> <span class='ocrx_word' id='word_1_113' title='bbox 853 1842 900 1904; x_wconf 79' lang='grc' dir='ltr'><em>ε’τὶ</em></span> <span class='ocrx_word' id='word_1_114' title='bbox 927 1841 993 1911; x_wconf 80' lang='grc' dir='ltr'><em>τοὺς</em></span> <span class='ocrx_word' id='word_1_115' title='bbox 1016 1838 1171 1920; x_wconf 70' lang='grc' dir='ltr'><em>ᾐτημένους</em></span> <span class='ocrx_word' id='word_1_116' title='bbox 1195 1832 1240 1898; x_wconf 81' lang='lat' dir='ltr'><strong>i‘rr·</strong></span> 
     </span>
     <span class='ocr_line' id='line_1_15' title="bbox 144 1945 1239 2029; baseline -0.006 -15"><span class='ocrx_word' id='word_1_117' title='bbox 144 1974 220 2023; x_wconf 77' lang='grc' dir='ltr'><strong>πους</strong></span> <span class='ocrx_word' id='word_1_118' title='bbox 243 1951 411 2028; x_wconf 79' lang='grc' dir='ltr'><em>νῖνωβνιῖνω,</em></span> <span class='ocrx_word' id='word_1_119' title='bbox 435 1954 587 2029; x_wconf 56' lang='lat' dir='ltr'><strong>respuetur</strong></span> <span class='ocrx_word' id='word_1_120' title='bbox 607 1951 711 2016; x_wconf 78' lang='grc' dir='ltr'><em>τεῖὺενν</em></span> <span class='ocrx_word' id='word_1_121' title='bbox 728 1952 806 2026; x_wconf 77' lang='grc' dir='ltr'><em>ὑμεῖς</em></span> <span class='ocrx_word' id='word_1_122' title='bbox 821 1953 858 2021; x_wconf 78' lang='grc' dir='ltr'><strong>ὡς</strong></span> <span class='ocrx_word' id='word_1_123' title='bbox 874 1949 993 2020; x_wconf 65' lang='lat' dir='ltr'><strong>teraris</strong></span> <span class='ocrx_word' id='word_1_124' title='bbox 1009 1950 1077 2025; x_wconf 78' lang='grc' dir='ltr'><em>εῖμν.</em></span> <span class='ocrx_word' id='word_1_125' title='bbox 1102 1945 1239 2010; x_wconf 81' lang='lat' dir='ltr'><strong>Cobetus</strong></span> 
     </span>
     <span class='ocr_line' id='line_1_16' title="bbox 144 2060 826 2145; baseline 0.001 -22"><span class='ocrx_word' id='word_1_126' title='bbox 144 2061 199 2124; x_wconf 88' lang='lat' dir='ltr'><strong>his</strong></span> <span class='ocrx_word' id='word_1_127' title='bbox 222 2060 298 2124; x_wconf 87' lang='lat' dir='ltr'><strong>loeis</strong></span> <span class='ocrx_word' id='word_1_128' title='bbox 323 2061 479 2145; x_wconf 83' lang='lat' dir='ltr'><strong>antiquam</strong></span> <span class='ocrx_word' id='word_1_129' title='bbox 501 2061 631 2124; x_wconf 88' lang='lat' dir='ltr'><strong>retinuit</strong></span> <span class='ocrx_word' id='word_1_130' title='bbox 653 2061 826 2124; x_wconf 81' lang='lat' dir='ltr'><strong>lectionem.</strong></span> 
     </span>
    </p>

    <p class='ocr_par' dir='ltr' id='par_1_5' title="bbox 143 2165 1240 2778">
     <span class='ocr_line' id='line_1_17' title="bbox 192 2165 1238 2252; baseline -0.006 -19"><span class='ocrx_word' id='word_1_131' title='bbox 192 2172 286 2252; x_wconf 66' lang='lat' dir='ltr'><strong>ele.</strong></span> <span class='ocrx_word' id='word_1_132' title='bbox 333 2172 376 2250; x_wconf 79' lang='grc' dir='ltr'><strong>(τί</strong></span> <span class='ocrx_word' id='word_1_133' title='bbox 406 2169 520 2252; x_wconf 75' lang='grc' dir='ltr'><em>κωλύει)</em></span> <span class='ocrx_word' id='word_1_134' title='bbox 548 2171 627 2247; x_wconf 81' lang='grc' dir='ltr'><em>ὑμεῖς</em></span> <span class='ocrx_word' id='word_1_135' title='bbox 650 2172 720 2243; x_wconf 86' lang='grc' dir='ltr'><em>ε’μυῦ</em></span> <span class='ocrx_word' id='word_1_136' title='bbox 744 2170 797 2247; x_wconf 80' lang='grc' dir='ltr'><strong>μὲν</strong></span> <span class='ocrx_word' id='word_1_137' title='bbox 820 2167 983 2250; x_wconf 50' lang='lat' dir='ltr'><strong>metietur</strong></span> <span class='ocrx_word' id='word_1_138' title='bbox 1007 2167 1055 2230; x_wconf 80' lang='grc' dir='ltr'><em>τὸν</em></span> <span class='ocrx_word' id='word_1_139' title='bbox 1077 2165 1179 2242; x_wconf 77' lang='grc' dir='ltr'><em>ὑβνλὺν</em></span> <span class='ocrx_word' id='word_1_140' title='bbox 1202 2168 1238 2234; x_wconf 76' lang='grc' dir='ltr'><strong>ὡς</strong></span> 
     </span>
     <span class='ocr_line' id='line_1_18' title="bbox 143 2273 1240 2360; baseline -0.004 -20"><span class='ocrx_word' id='word_1_141' title='bbox 143 2278 341 2358; x_wconf 72' lang='grc' dir='ltr'><em>ὑγιαίνοντος,</em></span> <span class='ocrx_word' id='word_1_142' title='bbox 374 2278 465 2357; x_wconf 81' lang='grc' dir='ltr'><em>τούτῳ</em></span> <span class='ocrx_word' id='word_1_143' title='bbox 496 2278 525 2341; x_wconf 77' lang='grc' dir='ltr'><strong>ὑὲ</strong></span> <span class='ocrx_word' id='word_1_144' title='bbox 555 2278 743 2360; x_wconf 75' lang='grc' dir='ltr'><em>ψηφὺτωεθων</em></span> <span class='ocrx_word' id='word_1_145' title='bbox 775 2277 892 2349; x_wconf 75' lang='grc' dir='ltr'><em>πάντως</em></span> <span class='ocrx_word' id='word_1_146' title='bbox 922 2280 958 2348; x_wconf 79' lang='grc' dir='ltr'><strong>ὡς</strong></span> <span class='ocrx_word' id='word_1_147' title='bbox 985 2278 1141 2355; x_wconf 77' lang='grc' dir='ltr'><em>νῖνωτηρω;</em></span> <span class='ocrx_word' id='word_1_148' title='bbox 1166 2273 1240 2337; x_wconf 88' lang='lat' dir='ltr'><strong>Non</strong></span> 
     </span>
     <span class='ocr_line' id='line_1_19' title="bbox 145 2384 1239 2471; baseline -0.004 -21"><span class='ocrx_word' id='word_1_149' title='bbox 145 2389 217 2452; x_wconf 86' lang='lat' dir='ltr'><strong>sine</strong></span> <span class='ocrx_word' id='word_1_150' title='bbox 245 2408 337 2450; x_wconf 82' lang='lat' dir='ltr'><strong>eausa</strong></span> <span class='ocrx_word' id='word_1_151' title='bbox 368 2386 497 2451; x_wconf 83' lang='lat' dir='ltr'><strong>offendit</strong></span> <span class='ocrx_word' id='word_1_152' title='bbox 525 2389 557 2450; x_wconf 91' lang='lat' dir='ltr'><strong>in</strong></span> <span class='ocrx_word' id='word_1_153' title='bbox 588 2389 705 2458; x_wconf 72' lang='grc' dir='ltr'><em>τὺντως</em></span> <span class='ocrx_word' id='word_1_154' title='bbox 728 2388 830 2451; x_wconf 84' lang='lat' dir='ltr'><strong>neseio</strong></span> <span class='ocrx_word' id='word_1_155' title='bbox 854 2389 939 2471; x_wconf 84' lang='lat' dir='ltr'><strong>quis,</strong></span> <span class='ocrx_word' id='word_1_156' title='bbox 965 2387 1019 2470; x_wconf 92' lang='lat' dir='ltr'><strong>qui</strong></span> <span class='ocrx_word' id='word_1_157' title='bbox 1041 2393 1144 2449; x_wconf 83' lang='lat' dir='ltr'><strong>temen</strong></span> <span class='ocrx_word' id='word_1_158' title='bbox 1167 2384 1239 2447; x_wconf 85' lang='lat' dir='ltr'><strong>satis</strong></span> 
     </span>
     <span class='ocr_line' id='line_1_20' title="bbox 144 2492 1240 2581; baseline -0.004 -21"><span class='ocrx_word' id='word_1_159' title='bbox 144 2499 252 2580; x_wconf 88' lang='lat' dir='ltr'><strong>inepte</strong></span> <span class='ocrx_word' id='word_1_160' title='bbox 275 2498 362 2560; x_wconf 78' lang='grc' dir='ltr'><em>τέντε</em></span> <span class='ocrx_word' id='word_1_161' title='bbox 385 2497 547 2581; x_wconf 80' lang='lat' dir='ltr'><strong>adscripsit</strong></span> <span class='ocrx_word' id='word_1_162' title='bbox 569 2498 602 2560; x_wconf 92' lang='lat' dir='ltr'><strong>in</strong></span> <span class='ocrx_word' id='word_1_163' title='bbox 625 2497 763 2580; x_wconf 84' lang='lat' dir='ltr'><strong>margine</strong></span> <span class='ocrx_word' id='word_1_164' title='bbox 787 2496 967 2580; x_wconf 83' lang='lat' dir='ltr'><strong>exemplaris</strong></span> <span class='ocrx_word' id='word_1_165' title='bbox 992 2495 1135 2558; x_wconf 82' lang='lat' dir='ltr'><strong>editionis</strong></span> <span class='ocrx_word' id='word_1_166' title='bbox 1155 2492 1240 2557; x_wconf 83' lang='lat' dir='ltr'><strong>Reis-</strong></span> 
     </span>
     <span class='ocr_line' id='line_1_21' title="bbox 144 2603 1237 2689; baseline -0.005 -19"><span class='ocrx_word' id='word_1_167' title='bbox 144 2608 276 2681; x_wconf 87' lang='lat' dir='ltr'><strong>kianae,</strong></span> <span class='ocrx_word' id='word_1_168' title='bbox 309 2606 392 2689; x_wconf 90' lang='lat' dir='ltr'><strong>quod</strong></span> <span class='ocrx_word' id='word_1_169' title='bbox 424 2606 525 2668; x_wconf 89' lang='lat' dir='ltr'><strong>estin</strong></span> <span class='ocrx_word' id='word_1_170' title='bbox 548 2604 735 2669; x_wconf 85' lang='lat' dir='ltr'><strong>bibliothece</strong></span> <span class='ocrx_word' id='word_1_171' title='bbox 758 2604 967 2688; x_wconf 79' lang='lat' dir='ltr'><strong>Groningana.</strong></span> <span class='ocrx_word' id='word_1_172' title='bbox 1015 2603 1074 2667; x_wconf 82' lang='lat' dir='ltr'><strong>Sed</strong></span> <span class='ocrx_word' id='word_1_173' title='bbox 1098 2604 1136 2667; x_wconf 85' lang='lat' dir='ltr'><strong>of.</strong></span> <span class='ocrx_word' id='word_1_174' title='bbox 1160 2605 1177 2687; x_wconf 62' lang='grc' dir='ltr'><strong>ξ</strong></span> <span class='ocrx_word' id='word_1_175' title='bbox 1197 2605 1237 2665; x_wconf 86' lang='grc'><strong>19</strong></span> 
     </span>
     <span class='ocr_line' id='line_1_22' title="bbox 146 2716 257 2778; baseline -0.018 0"><span class='ocrx_word' id='word_1_176' title='bbox 146 2724 179 2778; x_wconf 88' lang='lat' dir='ltr'><strong>et</strong></span> <span class='ocrx_word' id='word_1_177' title='bbox 205 2716 257 2778; x_wconf 81' lang='lat'><strong>27.</strong></span> 
     </span>
    </p>

    <p class='ocr_par' dir='ltr' id='par_1_6' title="bbox 144 2824 1240 4321">
     <span class='ocr_line' id='line_1_23' title="bbox 193 2824 1237 2908; baseline 0.002 -22"><span class='ocrx_word' id='word_1_178' title='bbox 193 2826 210 2908; x_wconf 64' lang='grc' dir='ltr'><strong>ξ</strong></span> <span class='ocrx_word' id='word_1_179' title='bbox 234 2826 285 2887; x_wconf 74' lang='lat'><strong>14.</strong></span> <span class='ocrx_word' id='word_1_180' title='bbox 330 2827 414 2889; x_wconf 71' lang='grc' dir='ltr'><strong>ἀλλὰ</strong></span> <span class='ocrx_word' id='word_1_181' title='bbox 438 2826 498 2903; x_wconf 72' lang='grc' dir='ltr'><strong>γὰρ</strong></span> <span class='ocrx_word' id='word_1_182' title='bbox 521 2824 577 2889; x_wconf 76' lang='lat' dir='ltr'><strong>oot&#39;</strong></span> <span class='ocrx_word' id='word_1_183' title='bbox 600 2828 682 2900; x_wconf 82' lang='grc' dir='ltr'><em>ὑμεῖς</em></span> <span class='ocrx_word' id='word_1_184' title='bbox 706 2827 797 2906; x_wconf 82' lang='grc' dir='ltr'><em>τούτῳ</em></span> <span class='ocrx_word' id='word_1_185' title='bbox 816 2827 867 2899; x_wconf 78' lang='grc' dir='ltr'><em>την</em></span> <span class='ocrx_word' id='word_1_186' title='bbox 886 2827 978 2897; x_wconf 69' lang='lat' dir='ltr'><strong>aurire</strong></span> <span class='ocrx_word' id='word_1_187' title='bbox 999 2826 1087 2905; x_wconf 75' lang='grc' dir='ltr'><em>ἔχετε</em></span> <span class='ocrx_word' id='word_1_188' title='bbox 1104 2826 1237 2902; x_wconf 78' lang='grc' dir='ltr'><em>γνώμην,</em></span> 
     </span>
     <span class='ocr_line' id='line_1_24' title="bbox 144 2931 1238 3004; baseline 0 -6"><span class='ocrx_word' id='word_1_189' title='bbox 144 2933 204 2998; x_wconf 75' lang='grc' dir='ltr'><strong>οὔθ’</strong></span> <span class='ocrx_word' id='word_1_190' title='bbox 226 2931 307 3004; x_wconf 82' lang='grc' dir='ltr'><em>οὑτως</em></span> <span class='ocrx_word' id='word_1_191' title='bbox 331 2931 363 2998; x_wconf 81' lang='grc' dir='ltr'><em>εὖ</em></span> <span class='ocrx_word' id='word_1_192' title='bbox 385 2940 479 3000; x_wconf 73' lang='grc' dir='ltr'><em>τετῶν.</em></span> <span class='ocrx_word' id='word_1_193' title='bbox 526 2933 719 2999; x_wconf 81' lang='lat' dir='ltr'><strong>Coniecturis</strong></span> <span class='ocrx_word' id='word_1_194' title='bbox 744 2958 762 2999; x_wconf 90' lang='lat' dir='ltr'><strong>a</strong></span> <span class='ocrx_word' id='word_1_195' title='bbox 785 2934 927 2999; x_wconf 81' lang='lat' dir='ltr'><strong>Scheibio</strong></span> <span class='ocrx_word' id='word_1_196' title='bbox 943 2936 1127 3000; x_wconf 81' lang='lat' dir='ltr'><strong>enumeratis</strong></span> <span class='ocrx_word' id='word_1_197' title='bbox 1144 2935 1238 2999; x_wconf 85' lang='lat' dir='ltr'><strong>addas</strong></span> 
     </span>
     <span class='ocr_line' id='line_1_25' title="bbox 144 3040 1238 3130; baseline 0.002 -23"><span class='ocrx_word' id='word_1_198' title='bbox 144 3043 205 3108; x_wconf 74' lang='grc' dir='ltr'><strong>οὔθ’</strong></span> <span class='ocrx_word' id='word_1_199' title='bbox 229 3040 309 3116; x_wconf 82' lang='grc' dir='ltr'><em>οὑτως</em></span> <span class='ocrx_word' id='word_1_200' title='bbox 332 3045 443 3125; x_wconf 81' lang='grc' dir='ltr'><em>ἑωυτῷ,</em></span> <span class='ocrx_word' id='word_1_201' title='bbox 468 3044 595 3129; x_wconf 81' lang='lat' dir='ltr'><strong>Kayser.</strong></span> <span class='ocrx_word' id='word_1_202' title='bbox 620 3045 733 3110; x_wconf 87' lang='lat' dir='ltr'><strong>Philol.</strong></span> <span class='ocrx_word' id='word_1_203' title='bbox 758 3045 824 3123; x_wconf 90' lang='lat' dir='ltr'><strong>XI,</strong></span> <span class='ocrx_word' id='word_1_204' title='bbox 842 3068 871 3130; x_wconf 87' lang='lat' dir='ltr'><strong>p.</strong></span> <span class='ocrx_word' id='word_1_205' title='bbox 890 3047 964 3109; x_wconf 82' lang='lat'>161.</span> <span class='ocrx_word' id='word_1_206' title='bbox 990 3046 1039 3109; x_wconf 79' lang='lat' dir='ltr'><strong>Ad</strong></span> <span class='ocrx_word' id='word_1_207' title='bbox 1056 3047 1238 3109; x_wconf 81' lang='lat' dir='ltr'><strong>sententiam</strong></span> 
     </span>
     <span class='ocr_line' id='line_1_26' title="bbox 144 3153 1239 3238; baseline 0.002 -23"><span class='ocrx_word' id='word_1_208' title='bbox 144 3159 247 3229; x_wconf 88' lang='lat' dir='ltr'><strong>reete,</strong></span> <span class='ocrx_word' id='word_1_209' title='bbox 271 3154 390 3238; x_wconf 90' lang='lat' dir='ltr'><strong>opinor.</strong></span> <span class='ocrx_word' id='word_1_210' title='bbox 437 3153 497 3218; x_wconf 81' lang='lat' dir='ltr'><strong>Sed</strong></span> <span class='ocrx_word' id='word_1_211' title='bbox 520 3177 556 3218; x_wconf 87' lang='lat' dir='ltr'><strong>es</strong></span> <span class='ocrx_word' id='word_1_212' title='bbox 578 3177 640 3219; x_wconf 87' lang='lat' dir='ltr'><strong>non</strong></span> <span class='ocrx_word' id='word_1_213' title='bbox 663 3161 801 3219; x_wconf 87' lang='lat' dir='ltr'><strong>mutatur</strong></span> <span class='ocrx_word' id='word_1_214' title='bbox 823 3157 936 3219; x_wconf 89' lang='lat' dir='ltr'><strong>omisso</strong></span> <span class='ocrx_word' id='word_1_215' title='bbox 959 3156 1072 3237; x_wconf 79' lang='grc' dir='ltr'><em>ἑωυτῷ,</em></span> <span class='ocrx_word' id='word_1_216' title='bbox 1097 3156 1180 3238; x_wconf 88' lang='lat' dir='ltr'><strong>quod</strong></span> <span class='ocrx_word' id='word_1_217' title='bbox 1203 3177 1239 3218; x_wconf 83' lang='lat' dir='ltr'><strong>ex</strong></span> 
     </span>
     <span class='ocr_line' id='line_1_27' title="bbox 146 3263 1240 3351; baseline 0.004 -25"><span class='ocrx_word' id='word_1_218' title='bbox 146 3263 299 3347; x_wconf 82' lang='lat' dir='ltr'><strong>superiori</strong></span> <span class='ocrx_word' id='word_1_219' title='bbox 321 3263 413 3344; x_wconf 81' lang='grc' dir='ltr'><em>τυὺτω</em></span> <span class='ocrx_word' id='word_1_220' title='bbox 436 3264 621 3348; x_wconf 83' lang='lat' dir='ltr'><strong>cogitatione</strong></span> <span class='ocrx_word' id='word_1_221' title='bbox 644 3264 819 3351; x_wconf 86' lang='lat' dir='ltr'><strong>suppletur:</strong></span> <span class='ocrx_word' id='word_1_222' title='bbox 844 3286 923 3343; x_wconf 90' lang='lat' dir='ltr'><strong>„neo</strong></span> <span class='ocrx_word' id='word_1_223' title='bbox 946 3264 1005 3328; x_wconf 88' lang='lat' dir='ltr'><strong>sibi</strong></span> <span class='ocrx_word' id='word_1_224' title='bbox 1027 3267 1093 3350; x_wconf 90' lang='lat' dir='ltr'><strong>ipse</strong></span> <span class='ocrx_word' id='word_1_225' title='bbox 1115 3288 1240 3330; x_wconf 87' lang='lat' dir='ltr'><strong>eonsen-</strong></span> 
     </span>
     <span class='ocr_line' id='line_1_28' title="bbox 147 3373 1237 3462; baseline 0.003 -26"><span class='ocrx_word' id='word_1_226' title='bbox 147 3374 204 3450; x_wconf 85' lang='lat' dir='ltr'><strong>tit,</strong></span> <span class='ocrx_word' id='word_1_227' title='bbox 229 3380 259 3436; x_wconf 91' lang='lat' dir='ltr'><strong>et</strong></span> <span class='ocrx_word' id='word_1_228' title='bbox 281 3379 363 3437; x_wconf 86' lang='lat' dir='ltr'><strong>reete</strong></span> <span class='ocrx_word' id='word_1_229' title='bbox 386 3374 486 3438; x_wconf 85' lang='lat' dir='ltr'><strong>hercle</strong></span> <span class='ocrx_word' id='word_1_230' title='bbox 496 3374 525 3437; x_wconf 88' lang='lat'><strong>!”</strong></span> <span class='ocrx_word' id='word_1_231' title='bbox 571 3373 652 3440; x_wconf 89' lang='lat' dir='ltr'><strong>Nam</strong></span> <span class='ocrx_word' id='word_1_232' title='bbox 675 3376 701 3440; x_wconf 87' lang='lat' dir='ltr'><strong>si</strong></span> <span class='ocrx_word' id='word_1_233' title='bbox 724 3376 782 3442; x_wconf 91' lang='lat' dir='ltr'><strong>sibi</strong></span> <span class='ocrx_word' id='word_1_234' title='bbox 805 3377 870 3462; x_wconf 88' lang='lat' dir='ltr'><strong>ipse</strong></span> <span class='ocrx_word' id='word_1_235' title='bbox 893 3383 1062 3453; x_wconf 85' lang='lat' dir='ltr'><strong>constaret,</strong></span> <span class='ocrx_word' id='word_1_236' title='bbox 1079 3377 1237 3440; x_wconf 85' lang='lat' dir='ltr'><strong>fatendum</strong></span> 
     </span>
     <span class='ocr_line' id='line_1_29' title="bbox 147 3482 1239 3570; baseline 0.002 -24"><span class='ocrx_word' id='word_1_237' title='bbox 147 3488 228 3546; x_wconf 86' lang='lat' dir='ltr'><strong>esset</strong></span> <span class='ocrx_word' id='word_1_238' title='bbox 257 3482 305 3546; x_wconf 89' lang='lat' dir='ltr'><strong>illi</strong></span> <span class='ocrx_word' id='word_1_239' title='bbox 334 3485 489 3570; x_wconf 89' lang='lat' dir='ltr'><strong>seipsum</strong></span> <span class='ocrx_word' id='word_1_240' title='bbox 514 3507 578 3549; x_wconf 89' lang='lat' dir='ltr'><strong>esse</strong></span> <span class='ocrx_word' id='word_1_241' title='bbox 601 3485 755 3550; x_wconf 84' lang='lat' dir='ltr'><strong>claudum.</strong></span> <span class='ocrx_word' id='word_1_242' title='bbox 801 3486 953 3552; x_wconf 81' lang='lat' dir='ltr'><strong>Convenit</strong></span> <span class='ocrx_word' id='word_1_243' title='bbox 975 3485 1034 3550; x_wconf 92' lang='lat' dir='ltr'><strong>hoo</strong></span> <span class='ocrx_word' id='word_1_244' title='bbox 1057 3507 1127 3549; x_wconf 89' lang='lat' dir='ltr'><strong>oum</strong></span> <span class='ocrx_word' id='word_1_245' title='bbox 1152 3508 1239 3570; x_wconf 78' lang='lat' dir='ltr'><strong>ergn-</strong></span> 
     </span>
     <span class='ocr_line' id='line_1_30' title="bbox 147 3593 1239 3680; baseline 0.002 -24"><span class='ocrx_word' id='word_1_246' title='bbox 147 3593 306 3658; x_wconf 86' lang='lat' dir='ltr'><strong>mentandi</strong></span> <span class='ocrx_word' id='word_1_247' title='bbox 336 3596 454 3659; x_wconf 81' lang='lat' dir='ltr'><strong>ratione</strong></span> <span class='ocrx_word' id='word_1_248' title='bbox 480 3597 514 3660; x_wconf 89' lang='lat' dir='ltr'><strong>in</strong></span> <span class='ocrx_word' id='word_1_249' title='bbox 537 3596 762 3680; x_wconf 88' lang='lat' dir='ltr'><strong>superioribus:</strong></span> <span class='ocrx_word' id='word_1_250' title='bbox 787 3597 836 3661; x_wconf 82' lang='grc' dir='ltr'><strong>κωῖ</strong></span> <span class='ocrx_word' id='word_1_251' title='bbox 860 3600 938 3675; x_wconf 80' lang='grc' dir='ltr'><em>ὑμεῖς</em></span> <span class='ocrx_word' id='word_1_252' title='bbox 963 3599 1032 3675; x_wconf 77' lang='grc' dir='ltr'><strong>ἐμοῦ</strong></span> <span class='ocrx_word' id='word_1_253' title='bbox 1056 3597 1109 3672; x_wconf 79' lang='grc' dir='ltr'><strong>μὲν</strong></span> <span class='ocrx_word' id='word_1_254' title='bbox 1129 3596 1239 3675; x_wconf 74' lang='grc' dir='ltr'><em>ὑφελέ-</em></span> 
     </span>
     <span class='ocr_line' id='line_1_31' title="bbox 147 3698 1239 3787; baseline 0 -19"><span class='ocrx_word' id='word_1_255' title='bbox 147 3707 214 3768; x_wconf 82' lang='grc' dir='ltr'><strong>σὺνυ</strong></span> <span class='ocrx_word' id='word_1_256' title='bbox 236 3704 285 3769; x_wconf 82' lang='grc' dir='ltr'><em>τὸν</em></span> <span class='ocrx_word' id='word_1_257' title='bbox 308 3704 409 3780; x_wconf 70' lang='grc' dir='ltr'><em>ὀβολὸν</em></span> <span class='ocrx_word' id='word_1_258' title='bbox 432 3707 467 3777; x_wconf 84' lang='grc' dir='ltr'><strong>ὑς</strong></span> <span class='ocrx_word' id='word_1_259' title='bbox 492 3705 682 3781; x_wconf 81' lang='grc' dir='ltr'><em>ὑγνωῖνυντυς,</em></span> <span class='ocrx_word' id='word_1_260' title='bbox 705 3706 819 3786; x_wconf 81' lang='grc' dir='ltr'><em>τυὺτῳ</em></span> <span class='ocrx_word' id='word_1_261' title='bbox 842 3708 875 3771; x_wconf 74' lang='grc' dir='ltr'><strong>δὲ</strong></span> <span class='ocrx_word' id='word_1_262' title='bbox 898 3698 1132 3787; x_wconf 57' lang='lat' dir='ltr'><strong>temtaretur</strong></span> <span class='ocrx_word' id='word_1_263' title='bbox 1157 3706 1239 3769; x_wconf 74' lang='grc' dir='ltr'><em>των-</em></span> 
     </span>
     <span class='ocr_line' id='line_1_32' title="bbox 145 3814 1240 3900; baseline 0.002 -23"><span class='ocrx_word' id='word_1_264' title='bbox 145 3837 213 3884; x_wconf 67' lang='lat' dir='ltr'><strong>rae</strong></span> <span class='ocrx_word' id='word_1_265' title='bbox 246 3817 289 3885; x_wconf 76' lang='grc' dir='ltr'><strong>ὡς</strong></span> <span class='ocrx_word' id='word_1_266' title='bbox 323 3815 511 3893; x_wconf 78' lang='grc' dir='ltr'><em>νῖνωτηρῳ,</em></span> <span class='ocrx_word' id='word_1_267' title='bbox 544 3814 569 3877; x_wconf 93' lang='lat' dir='ltr'><strong>si</strong></span> <span class='ocrx_word' id='word_1_268' title='bbox 601 3836 674 3898; x_wconf 85' lang='lat' dir='ltr'><strong>ego,</strong></span> <span class='ocrx_word' id='word_1_269' title='bbox 706 3814 1146 3900; x_wconf 70' lang='lat' dir='ltr'><strong>inquit31taeffeotns,non</strong></span> <span class='ocrx_word' id='word_1_270' title='bbox 1171 3838 1240 3879; x_wconf 89' lang='lat' dir='ltr'><strong>sum</strong></span> 
     </span>
     <span class='ocr_line' id='line_1_33' title="bbox 148 3922 1238 4006; baseline 0.003 -19"><span class='ocrx_word' id='word_1_271' title='bbox 148 3923 293 4000; x_wconf 78' lang='lat' dir='ltr'><strong>claudus,</strong></span> <span class='ocrx_word' id='word_1_272' title='bbox 318 3922 385 4000; x_wconf 89' lang='lat' dir='ltr'><strong>hie,</strong></span> <span class='ocrx_word' id='word_1_273' title='bbox 411 3923 464 4006; x_wconf 89' lang='lat' dir='ltr'><strong>qui</strong></span> <span class='ocrx_word' id='word_1_274' title='bbox 488 3924 640 3987; x_wconf 84' lang='lat' dir='ltr'><strong>contraria</strong></span> <span class='ocrx_word' id='word_1_275' title='bbox 661 3925 779 3988; x_wconf 90' lang='lat' dir='ltr'><strong>ratione</strong></span> <span class='ocrx_word' id='word_1_276' title='bbox 803 3932 849 3988; x_wconf 89' lang='lat' dir='ltr'><strong>est</strong></span> <span class='ocrx_word' id='word_1_277' title='bbox 872 3926 1013 4003; x_wconf 83' lang='lat' dir='ltr'><strong>affectus,</strong></span> <span class='ocrx_word' id='word_1_278' title='bbox 1038 3925 1167 3989; x_wconf 88' lang='lat' dir='ltr'><strong>claudus</strong></span> <span class='ocrx_word' id='word_1_279' title='bbox 1183 3934 1238 3990; x_wconf 86' lang='lat' dir='ltr'><strong>est.</strong></span> 
     </span>
     <span class='ocr_line' id='line_1_34' title="bbox 148 4033 1238 4120; baseline 0 -22"><span class='ocrx_word' id='word_1_280' title='bbox 148 4033 406 4119; x_wconf 87' lang='lat' dir='ltr'><strong>Insequentibus</strong></span> <span class='ocrx_word' id='word_1_281' title='bbox 430 4041 533 4098; x_wconf 88' lang='lat' dir='ltr'><strong>autem</strong></span> <span class='ocrx_word' id='word_1_282' title='bbox 557 4035 672 4098; x_wconf 90' lang='lat' dir='ltr'><strong>omittit</strong></span> <span class='ocrx_word' id='word_1_283' title='bbox 694 4034 773 4099; x_wconf 86' lang='lat' dir='ltr'><strong>hano</strong></span> <span class='ocrx_word' id='word_1_284' title='bbox 796 4035 995 4112; x_wconf 83' lang='lat' dir='ltr'><strong>sententiem3</strong></span> <span class='ocrx_word' id='word_1_285' title='bbox 1017 4057 1088 4098; x_wconf 86' lang='lat' dir='ltr'><strong>nam</strong></span> <span class='ocrx_word' id='word_1_286' title='bbox 1108 4058 1162 4120; x_wconf 92' lang='lat' dir='ltr'><strong>per</strong></span> <span class='ocrx_word' id='word_1_287' title='bbox 1180 4036 1238 4115; x_wconf 80' lang='grc' dir='ltr'><em>γνῖρ</em></span> 
     </span>
     <span class='ocr_line' id='line_1_35' title="bbox 146 4145 1238 4227; baseline 0 -19"><span class='ocrx_word' id='word_1_288' title='bbox 146 4147 319 4210; x_wconf 81' lang='lat' dir='ltr'><strong>annectitur</strong></span> <span class='ocrx_word' id='word_1_289' title='bbox 350 4146 571 4210; x_wconf 80' lang='lat' dir='ltr'><strong>demonstratio</strong></span> <span class='ocrx_word' id='word_1_290' title='bbox 599 4145 723 4209; x_wconf 90' lang='lat' dir='ltr'><strong>illorum</strong></span> <span class='ocrx_word' id='word_1_291' title='bbox 746 4145 801 4211; x_wconf 75' lang='grc' dir='ltr'><strong>οὔθ’</strong></span> <span class='ocrx_word' id='word_1_292' title='bbox 825 4148 907 4224; x_wconf 82' lang='grc' dir='ltr'><em>ὑμεῖς</em></span> <span class='ocrx_word' id='word_1_293' title='bbox 931 4148 1023 4227; x_wconf 80' lang='grc' dir='ltr'><em>τυὺτω</em></span> <span class='ocrx_word' id='word_1_294' title='bbox 1045 4185 1091 4194; x_wconf 93' lang='grc'>-</span> <span class='ocrx_word' id='word_1_295' title='bbox 1113 4147 1238 4224; x_wconf 81' lang='grc' dir='ltr'><em>γνώμην.</em></span> 
     </span>
     <span class='ocr_line' id='line_1_36' title="bbox 146 4253 1240 4321; baseline -0.001 -2"><span class='ocrx_word' id='word_1_296' title='bbox 146 4253 192 4319; x_wconf 83' lang='lat' dir='ltr'><strong>Of.</strong></span> <span class='ocrx_word' id='word_1_297' title='bbox 224 4253 264 4319; x_wconf 88' lang='lat' dir='ltr'><strong>ad</strong></span> <span class='ocrx_word' id='word_1_298' title='bbox 297 4259 347 4318; x_wconf 76' lang='lat' dir='ltr'><strong>le.</strong></span> <span class='ocrx_word' id='word_1_299' title='bbox 377 4258 430 4318; x_wconf 72' lang='lat'><strong>41.</strong></span> <span class='ocrx_word' id='word_1_300' title='bbox 455 4291 500 4302; x_wconf 88' lang='lat'><strong>-·-</strong></span> <span class='ocrx_word' id='word_1_301' title='bbox 532 4255 701 4321; x_wconf 79' lang='lat' dir='ltr'><strong>Muellerus</strong></span> <span class='ocrx_word' id='word_1_302' title='bbox 725 4257 758 4319; x_wconf 88' lang='lat' dir='ltr'><strong>in</strong></span> <span class='ocrx_word' id='word_1_303' title='bbox 781 4256 894 4321; x_wconf 89' lang='lat' dir='ltr'><strong>Philol.</strong></span> <span class='ocrx_word' id='word_1_304' title='bbox 920 4256 995 4320; x_wconf 88' lang='lat' dir='ltr'>XII.</span> <span class='ocrx_word' id='word_1_305' title='bbox 1023 4260 1086 4321; x_wconf 79' lang='lat' dir='ltr'><strong>loe</strong></span> <span class='ocrx_word' id='word_1_306' title='bbox 1111 4257 1240 4320; x_wconf 83' lang='lat' dir='ltr'><strong>coniecit</strong></span> 
     </span>
    </p>
   </div>
   <div class='ocr_carea' id='block_1_4' title="bbox 148 4362 1062 4449">
    <p class='ocr_par' dir='ltr' id='par_1_7' title="bbox 148 4362 1062 4449">
     <span class='ocr_line' id='line_1_37' title="bbox 148 4362 1062 4449; baseline 0.003 -21"><span class='ocrx_word' id='word_1_307' title='bbox 148 4362 203 4429; x_wconf 64' lang='lat' dir='ltr'><strong>ore*</strong></span> <span class='ocrx_word' id='word_1_308' title='bbox 226 4362 304 4437; x_wconf 72' lang='grc' dir='ltr'><em>οὑτως</em></span> <span class='ocrx_word' id='word_1_309' title='bbox 330 4366 398 4443; x_wconf 88' lang='grc' dir='ltr'><em>ὑμῖν</em></span> <span class='ocrx_word' id='word_1_310' title='bbox 406 4415 415 4447; x_wconf 87' lang='lat'><em>,</em></span> <span class='ocrx_word' id='word_1_311' title='bbox 440 4367 453 4429; x_wconf 82' lang='grc' dir='ltr'><em>ὑ</em></span> <span class='ocrx_word' id='word_1_312' title='bbox 479 4364 532 4441; x_wconf 82' lang='grc' dir='ltr'><strong>μὲν</strong></span> <span class='ocrx_word' id='word_1_313' title='bbox 555 4367 615 4445; x_wconf 65' lang='grc' dir='ltr'><strong>γὰρ</strong></span> <span class='ocrx_word' id='word_1_314' title='bbox 637 4362 670 4430; x_wconf 88' lang='grc' dir='ltr'><em>εὑ</em></span> <span class='ocrx_word' id='word_1_315' title='bbox 692 4370 776 4430; x_wconf 78' lang='grc' dir='ltr'><em>πονῶν</em></span> <span class='ocrx_word' id='word_1_316' title='bbox 799 4366 908 4449; x_wconf 73' lang='grc' dir='ltr'><em>ὥσπερ,</em></span> <span class='ocrx_word' id='word_1_317' title='bbox 932 4390 962 4432; x_wconf 90' lang='grc' dir='ltr'><strong>κ.</strong></span> <span class='ocrx_word' id='word_1_318' title='bbox 986 4392 1015 4432; x_wconf 89' lang='grc' dir='ltr'><em>τ.</em></span> <span class='ocrx_word' id='word_1_319' title='bbox 1040 4369 1062 4432; x_wconf 83' lang='grc' dir='ltr'><strong>ἑ.</strong></span> 
     </span>
    </p>
   </div>
   <div class='ocr_carea' id='block_1_5' title="bbox 0 0 1502 5234">
    <p class='ocr_par' dir='ltr' id='par_1_8' title="bbox 0 0 1502 5234">
     <span class='ocr_line' id='line_1_38' title="bbox 0 0 1502 5234; baseline 0 0"><span class='ocrx_word' id='word_1_320' title='bbox 0 0 1502 5234; x_wconf 95' lang='lat' dir='ltr'><strong> </strong></span> 
     </span>
    </p>
   </div>
  </div>
 </body>
</html>
