2994 5234
830 450 895 510 ala

313 668 379 717 νοτε
409 645 500 708 verba
531 656 655 731 possent
681 651 766 728 silei,
792 660 822 714 et
846 674 882 715 ea
904 653 998 716 fnisse
1022 652 1143 716 videtur
1165 654 1262 737 ipsius
1284 649 1382 713 chrei
1469 654 1470 743 l

313 753 480 829 sententia,
504 755 542 818 ab
565 756 682 822 editore
706 760 959 824 Adversariorum
975 784 1036 825 non
1054 762 1127 825 satia
1144 760 1304 824 intellecta
1327 758 1384 820 Sul·

313 861 394 924 ficiet
416 883 606 947 comparasse
629 869 779 932 sectiones
807 872 841 946 l,
867 872 928 946 25,
954 871 1015 947 26,
1040 878 1076 932 ut
1099 877 1245 954 appareat
1263 867 1385 930 Nicoma
1469 916 1470 943 3

313 969 419 1047 chum,
451 972 508 1035 etsi
539 975 698 1057 peculatus
729 978 844 1041 crimen
877 979 905 1042 ci
937 978 1029 1041 obiici
1060 1000 1122 1042 non
1155 984 1276 1062 posset,
1298 984 1384 1039 tomen

313 1080 467 1165 corrumpi
497 1104 529 1145 se
551 1105 675 1166 passum
699 1109 783 1164 esse,
808 1109 902 1170 quare
926 1088 991 1150 eius
1014 1087 1168 1151 absolutio
1192 1089 1273 1151 fures
1294 1084 1386 1150 aerarii

313 1195 433 1270 poterat
461 1189 636 1256 audaciores
669 1194 776 1258 facere.
834 1195 993 1259 Excidisse
1024 1204 1127 1259 autem
1158 1197 1386 1260 coniunctionem

314 1304 384 1380 post
413 1299 582 1380 προσέχουσι
609 1311 726 1367 certum
754 1312 840 1389 puto.
887 1304 1026 1390 Reliquis
1050 1304 1241 1388 probabilius
1264 1304 1385 1387 Weyers.

313 1408 481 1488 προσέχουσι
511 1411 540 1474 δὲ
568 1412 628 1476 κού.
674 1413 800 1498 Optime
828 1413 911 1478 dicta
939 1415 956 1498 t
985 1417 1044 1477 24:
1069 1415 1114 1486 τίς
1135 1411 1181 1480 σύν
1206 1422 1238 1478 et
1260 1436 1332 1498 quae
1352 1434 1394 1491 sc,

314 1527 462 1601 quantur.
1373 1545 1377 1551 ·

357 1630 448 1712 §tb
496 1630 586 1694 Unus
609 1631 818 1696 Nicomachus
842 1634 1006 1718 pecuniam
1031 1642 1197 1719 acceperat.
1225 1634 1329 1718 ltaque
1342 1653 1388 1716 pro

312 1735 387 1802 οὗτοι
422 1739 511 1802 scrib.
543 1740 578 1806 οἱ.
625 1741 663 1804 In
693 1741 799 1805 eadem
830 1742 965 1806 sectione
997 1742 1148 1806 vocabula
1176 1744 1228 1807 κού
1250 1749 1303 1807 τῶν
1323 1743 1389 1821 ἱερῶν

314 1854 455 1931 suspecta
477 1857 564 1924 sunt3
588 1872 649 1914 non
674 1852 755 1914 enim
774 1860 854 1916 recte
874 1860 1076 1937 opponuntur
1091 1856 1115 1918 οἱ
1136 1854 1213 1931 νόμοι
1230 1860 1261 1917 et
1274 1853 1313 1916 τά
1327 1847 1387 1928 tepet.

315 1958 381 2020 Aut
413 1956 467 2021 illa
495 1959 665 2024 omittenda
688 1969 759 2038 aut,
782 1963 829 2025 ἀν.
853 1967 911 2025 τῶν
933 1960 957 2025 θ’
980 1961 1061 2026 ὁσίων
1084 1962 1134 2026 κού
1158 1968 1214 2026 τῶν
1236 1958 1390 2050 lapda-scri·

314 2065 460 2130 bendum.

358 2177 450 2259 pti.
495 2179 549 2251 ὥς,
573 2178 624 2242 ε’ἀν
647 2185 695 2242 νῦν
718 2181 808 2243 οιύτοῦ
832 2179 989 2259 φείσησθε,
1011 2176 1090 2250 αὖθις
1110 2180 1253 2245 ἀποδῶσει
1271 2182 1324 2250 τοὶς
1340 2173 1389 2256 xci

312 2307 404 2364 οιτοις.
451 2284 610 2350 Pertinent
641 2286 680 2350 ad
710 2286 758 2351 διά
787 2288 817 2352 τύ
847 2288 872 2351 δ’
902 2287 939 2353 ἀν
970 2311 1014 2360 τις
1038 2290 1264 2371 ἀποψηφίσαιτο
1286 2287 1388 2360 τούτου,

313 2395 406 2477 426.
438 2393 532 2457 Haud
563 2394 625 2459 scio
649 2398 691 2458 an'
712 2394 864 2461 Graecum
886 2398 1016 2460 nonsit
1041 2398 1090 2462 3ιά
1111 2403 1196 2463 τοῦτο
1220 2394 1389 2477 ἀποψιφίζο·

313 2525 369 2580 μοιι
399 2506 505 2577 aceto,
528 2508 564 2576 ὡς
588 2506 744 2589 ἀποδώσει,
770 2507 909 2590 quamvis
933 2507 965 2571 in
991 2506 1085 2571 simili
1109 2508 1263 2571 sententia
1287 2504 1387 2570 1441

314 2612 395 2676 idem
418 2613 549 2697 legatur.
595 2617 655 2687 Ὡς
678 2639 796 2700 seraper
819 2623 987 2700 usurpatur
1010 2616 1099 2680 inre
1122 2613 1389 2701 cogitata,noniu
1470 2602 1471 2617 ³

314 2745 347 2785 re
376 2723 443 2807 ipsa
470 2725 535 2808 (per
558 2727 620 2808 se),
645 2726 699 2789 sed
722 2726 822 2810 qualis
847 2748 912 2790 esse
935 2726 1086 2804 creditur,
1111 2733 1167 2790 aut
1190 2737 1227 2791 ut
1249 2725 1334 2790 verbo
1354 2721 1390 2784 di·

315 2853 397 2895 cam:
426 2834 578 2917 particula
600 2835 768 2900 subiectiva
792 2843 848 2900 est.
895 2836 955 2900 Pro
978 2834 1055 2907 ὅπως
1081 2843 1185 2899 autem
1207 2839 1244 2907 ὥς
1267 2857 1333 2900 cum
1352 2833 1389 2893 lu·

314 2947 385 3003 turo
408 2942 565 3008 indicativi
589 2968 657 3009 raro
678 2947 836 3031 iungitur;
861 2955 908 3010 est
923 2946 978 3010 ubi
993 2944 1070 3017 ὅπως
1086 2946 1308 3010 restituendum
1321 2941 1388 3006 vide·

315 3058 401 3129 atur,
433 3060 470 3116 ut
500 3056 553 3117 31.
587 3058 639 3118 24.
687 3057 807 3119 Diversi
838 3056 899 3119 loci
929 3063 1021 3132 sunt,
1054 3055 1108 3119 ubi
1140 3063 1188 3119 est
1210 3064 1281 3139 post
1300 3052 1387 3131 μέλει,

315 3170 403 3226 ποιεῖν
430 3162 509 3226 Xen.
534 3162 595 3228 GP.
620 3164 681 3227 ΠΙ.
708 3168 737 3228 2.
766 3168 824 3242 la,
849 3164 938 3228 Dem.
964 3168 994 3229 5.
1020 3168 1072 3229 24.
1121 3164 1189 3228 Hoc
1212 3165 1280 3229 loco
1304 3163 1388 3244 legen·

315 3271 390 3335 dum
412 3273 540 3338 fortasse
561 3275 766 3347 ἀποδώσοντος.
803 3274 949 3339 Variatur
972 3275 1003 3338 in
1028 3274 1077 3337 his
1101 3274 1288 3339 sectionibus
1309 3278 1388 3333 struo
1471 3280 1472 3323 l

314 3392 400 3446 tura:
425 3384 472 3447 tut
494 3386 525 3448 τί
547 3383 572 3447 δ’
595 3384 631 3448 ἀν
653 3409 696 3456 τις
720 3385 948 3464 ἀποψηφίσαιτο
970 3384 1091 3460 τούτους
1117 3383 1234 3464 πότερον
1252 3386 1288 3452 ὡς
1305 3377 1387 3455 dulcit
1471 3422 1472 3445 l

314 3495 447 3570 ἀγούοῦς
471 3532 516 3542 -
537 3495 610 3559 ἀλλ’
632 3492 674 3559 ύτι
697 3497 844 3576 χρήματα
866 3494 1065 3572 deductivam
1089 3494 1174 3558 ἀλλά
1196 3494 1243 3558 aa
1263 3493 1388 3564 τοὺςπιι
1471 3488 1472 3497 ’

315 3603 433 3680 ydrum
456 3642 501 3653 —
522 3606 593 3668 ἀλλ’
615 3607 652 3676 ἀς
679 3643 724 3653 -
754 3603 833 3676 οιύύις
856 3604 1051 3674 ἀποδώσοντος
1072 3603 1129 3674 τάς
1152 3602 1297 3684 χάοιτοιις
1318 3598 1386 3662 Loco

315 3713 406 3776 modo
429 3736 465 3777 ex
492 3716 532 3777 14
554 3713 682 3778 laudato
704 3718 741 3786 ὡς
765 3713 980 3778 omittendum.
1471 3800 1472 3805 ἵ

282 3827 285 3831 ’
359 3825 451 3907 §td
498 3825 547 3889 κού
567 3826 623 3896 τάς
646 3825 700 3902 μὲν
723 3825 823 3905 ἀοχάς
844 3824 899 3888 ὑπὸ
917 3830 973 3888 τῶν
992 3822 1124 3887 τοιούτων
1145 3823 1262 3898 ἡγεῖσθε
1279 3812 1388 3896 nacci
1471 3910 1472 3913 Ἴ

314 3934 428 4016 isacus,
448 3936 573 4006 οιύτοῑσ
596 3934 626 3998 u
648 3935 758 4006 τούτοις
782 3934 947 3998 πιστεύετε.
995 3931 1074 3996 Cum
1098 3931 1222 3995 chreo
1241 3925 1387 4015 legendum
1471 3916 1472 3921 ¹

315 4041 408 4107 οιύτοί.

360 4153 452 4235 §tlt
500 4149 688 4214 Concinuior
718 4156 798 4214 esset
829 4149 986 4234 oppositio
1017 4148 1043 4211 si
1075 4169 1130 4233 pro
1162 4148 1232 4228 ὑπὲρ
1254 4146 1387 4227 legeretur

317 4259 373 4326 ὑπό
378 4311 387 4340 ,
418 4260 512 4345 idque
542 4260 575 4323 iu
606 4259 655 4323 his
685 4260 856 4323 artificiosis
886 4256 1045 4322 antithetis
1076 4256 1286 4341 reponendum
1314 4254 1386 4334 pull>-

311 4370 371 4441 Ὃν
396 4370 449 4437 ἔδει
476 4371 602 4437 ἀπὸτοῦ
629 4370 719 4447 δήμου
741 4370 901 4451 κρίνεσύοιι,
925 4366 1010 4440 οὗτος
1032 4366 1082 4431 τὸν
1104 4366 1192 4444 δῆμον
1215 4354 1387 4442 σογκοιτιιλύ
