2958 5238
803 517 864 579 114

293 714 493 780 Marklandus
525 714 699 801 postulabat
728 716 867 792 ἐγκαλεῖν
893 715 1062 796 Παμφίλῳ,
1089 713 1172 799 quod
1195 714 1287 778 ctiam
1310 737 1370 778 scn-

196 880 198 895 .
290 829 387 891 tentia
410 826 649 892 commendatur.

335 940 352 1024 q
376 941 404 1002 6.
452 939 536 1003 δεινθν
557 977 602 986 -
625 939 690 1009 τοὺς
712 935 894 1015 στρατηγοὺς
918 973 964 984 -
984 937 1027 1013 μὴ
1050 934 1086 1001 θον
1108 945 1256 1013 τολμῆσαι
1276 937 1369 1016 τεθνε-

291 1073 333 1128 οον
364 1054 442 1128 ἡμῶν
473 1052 657 1126 ἡγήσασθαι,
689 1045 740 1120 ἕως
771 1048 807 1114 θον
840 1047 1076 1126 ε’δοκιμοθσθιισαν.
1136 1047 1204 1112 Ηοο
1233 1047 1369 1113 Dobreus

1472 906 1474 931 ι

1472 954 1474 989 Ι

291 1162 358 1224 iure
381 1161 534 1226 soloecum
557 1169 687 1246 putans,
711 1159 838 1244 requirit
854 1167 906 1224 aut
920 1150 1231 1237 θοοοὲδοκιμοθσθκσαν,
1256 1169 1308 1226 aad
1322 1158 1369 1232 ἕως
1455 1212 1474 1247 ,ζ

293 1270 329 1336 θον
355 1272 577 1350 δοκιμασθῶσιν,
602 1279 654 1338 arat
675 1255 952 1349 ἕαςδοκιμασθεῖεν.
999 1268 1129 1335 Difficile
1153 1279 1199 1334 est
1222 1280 1305 1336 certo
1330 1270 1371 1334 di·

290 1404 355 1446 cere
379 1381 454 1467 quid
476 1404 550 1446 usus
566 1382 689 1467 linguae
707 1387 813 1467 poscat
828 1382 860 1443 in
877 1380 1115 1445 conformatione
1131 1383 1281 1446 orationis
1297 1404 1369 1466 quae

291 1515 355 1556 non
377 1494 468 1556 nimis
492 1494 632 1578 frequens
656 1499 717 1570 est,
742 1492 919 1577 praesertim
942 1492 1102 1557 dubitante
1118 1502 1207 1580 tanto
1221 1494 1306 1572 viro,
1323 1494 1370 1557 sed

290 1611 392 1667 tamen
423 1603 557 1667 secunda
580 1602 766 1667 constructio
790 1602 848 1665 hoc
872 1602 939 1666 loco
963 1603 1039 1667 mihi
1061 1603 1186 1668 ferenda
1208 1628 1273 1669 non
1296 1605 1371 1669 vide

291 1720 357 1792 tur;
389 1737 459 1778 narn
491 1737 527 1778 ex
556 1715 614 1777 hac
645 1714 796 1777 sententia
825 1721 925 1777 recta:
955 1716 1005 1778 οὐκ
1035 1713 1071 1780 θον
1101 1718 1250 1798 τολμῷεν,
1275 1717 1320 1780 vel
1341 1718 1370 1781 οὐ

291 1828 482 1904 τολμήσουσιν
509 1822 561 1897 ἕως
590 1824 627 1890 θον
656 1826 860 1903 δοκιμασθῶσιν
891 1831 992 1910 potest
1015 1825 1142 1888 existere
1164 1827 1245 1904 λέγω
1268 1831 1316 1893 οὐκ
1338 1826 1370 1891 θον

291 1940 450 2015 τολμῖιν,
476 1935 527 2009 ἕως
550 1936 586 2001 θον
610 1935 831 2013 δοκιμασθῶσιν,
856 1934 910 1998 sed
932 1934 1103 1999 dubitativa
1126 1936 1179 2000 illa
1200 1938 1297 2002 forma
1311 1960 1371 2001 ora·

292 2048 385 2111 tionis
418 2050 543 2129 (τολμοῖν
570 2045 617 2131 θον)
640 2069 746 2131 parum
770 2046 912 2109 convenit
936 2069 1005 2110 cum
1029 2046 1130 2120 δεινθν,
1155 2048 1240 2132 quod
1263 2072 1371 2114 asseve-

292 2160 440 2223 rationem
464 2159 608 2222 continet.
655 2155 727 2221 Non
751 2157 839 2221 aliter
862 2157 926 2221 fieri
949 2166 1067 2241 potest,
1093 2158 1168 2241 quin
1190 2162 1233 2236 μὴ
1256 2159 1293 2226 θον
1311 2177 1371 2226 τολ-

292 2279 385 2349 μῆσαι
417 2278 524 2333 natum
556 2270 597 2333 sit
628 2291 663 2332 ex
695 2271 744 2333 οὐκ
771 2268 807 2333 θον
833 2267 1013 2351 ἐτόλμησαν,
1039 2277 1108 2352 post
1131 2270 1213 2352 quod
1237 2273 1372 2356 sequitur

291 2381 344 2455 ἕως
368 2382 611 2460 εδοκιμοθσθκσαν,
635 2382 661 2444 si
684 2387 811 2465 urgetur
834 2380 915 2443 sumi
931 2367 1142 2443 tantummodo
1159 2380 1293 2464 aliquid,
1311 2405 1372 2446 rem

293 2516 351 2558 οοονν
383 2515 447 2556 esse
477 2492 598 2555 iactam.
645 2489 682 2554 Id
713 2490 867 2554 lenissima
890 2490 1076 2569 mutatione,
1102 2492 1212 2555 omisso
1235 2491 1271 2556 ἄν
1293 2494 1373 2575 (ante

293 2606 345 2688 ε’δ.)
369 2604 490 2667 restitui
513 2610 623 2687 potest.
670 2601 855 2665 Praeferrem
879 2608 989 2665 tomen·
1004 2601 1207 2680 δοκιμασθεῖεν.
1244 2606 1288 2669 Οὐ
1308 2605 1374 2686 ποθ-

292 2741 369 2796 τεοον
393 2714 444 2786 ἕως
467 2721 622 2799 μνασθεῖσα
643 2711 751 2797 Lysias
774 2711 866 2776 habet
893 2715 942 2776 12.
969 2714 1008 2777 71
1034 2719 1065 2776 et
1088 2716 1139 2776 25.
1166 2716 1218 2778 26.

337 2826 375 2890 In
398 2825 503 2890 eadem
527 2826 660 2889 sectione
678 2825 779 2909 pergit
795 2823 902 2908 (δεινὸν)
922 2823 1110 2900 Ἀλκιβιοθδνν
1122 2825 1151 2888 δὲ
1162 2830 1278 2903 τολμοῖν
1291 2828 1370 2907 ταρθι

292 2940 358 3010 τοὺς
382 2947 434 3013 τῆς
457 2938 567 3010 πόλεως
591 2938 691 3014 νόμους
714 2935 763 3000 ὑπ’
786 2937 881 3000 αὐτῶν
903 2918 1059 3016 ταχθῆναι.
1098 2936 1293 3001 Postremum
1313 2959 1370 3000 ver·

293 3050 365 3115 bum
390 3048 481 3113 habet
505 3027 671 3112 factitivam
695 3047 772 3109 vim:
797 3046 861 3130 pati
885 3068 908 3108 s.
925 3045 1030 3110 iubere
1046 3068 1077 3109 se
1093 3046 1252 3125 collocari3
1270 3071 1330 3132 qua
1343 3045 1370 3109 vi

295 3162 387 3226 etiarn
411 3159 541 3225 subinde
564 3161 712 3231 πεισθῆναι
736 3157 831 3241 accipi
855 3164 966 3242 potest.
1012 3157 1072 3222 Sed
1095 3159 1192 3223 multo
1215 3159 1292 3222 mihi
1312 3178 1371 3241 pro

295 3272 426 3336 habilius
451 3278 498 3335 est
520 3270 612 3334 verba
635 3268 685 3333 ὑπ’
708 3272 802 3333 αὐτῶν
826 3291 890 3332 esse
914 3268 1058 3347 delenda,
1083 3280 1118 3333 ut
1140 3272 1286 3350 ταχθῆναι
1313 3266 1371 3331 vul·

293 3384 357 3468 gari
380 3382 521 3446 reflexiva
545 3382 573 3443 vi
598 3380 728 3444 dicatur.
765 3378 993 3463 Adscripseram
1017 3380 1090 3444 huic
1113 3381 1180 3445 loco
1204 3381 1294 3444 olim:
1317 3386 1370 3457 „ut
1470 3386 1471 3413 ι

294 3516 374 3571 „sua
404 3495 449 3556 vis
478 3501 557 3557 esset
587 3491 774 3577 oppositioni
803 3490 977 3554 addendum
1004 3501 1069 3556 erat
1091 3491 1368 3572 θδοκίμαστον,”ἰι]
1470 3538 1471 3555 .

295 3605 437 3687 idemque
468 3610 573 3688 postea
604 3601 803 3666 animadverti
827 3601 888 3665 iarn
914 3601 1070 3666 Dobreum
1094 3602 1246 3668 incidisse.
1293 3602 1368 3667 Num

292 3737 362 3779 vero
396 3714 433 3778 ab
466 3721 589 3777 auctore
619 3711 757 3775 additum
786 3711 894 3788 fuerit,
919 3711 1044 3790 dubito;
1069 3713 1168 3778 verbis
1192 3715 1272 3778 enim
1294 3712 1368 3792 ταοθ
1468 3704 1470 3775 i

292 3826 357 3894 τοὺς
381 3825 480 3902 νόμους
504 3824 565 3886 iam
588 3822 763 3885 continetur
786 3819 980 3905 aliquatenus
1003 3822 1037 3886 τδ
1061 3824 1264 3902 ἀδοκίμαστον.

336 3938 353 4020 q
379 3938 427 3998 10.
474 3934 631 4012 μέλλοντος
651 3933 850 4015 ψηφίσασθαι.
884 3932 930 3996 De
950 3933 1050 4011 μέλλω
1066 3957 1137 3999 cum
1154 3938 1265 4002 aoristo
1280 3934 1369 4001 muita

292 4047 366 4111 olim
396 4069 413 4108 a
442 4044 596 4109 Lobeckio
620 4043 658 4107 ad
682 4042 910 4128 Phrynichum,
936 4052 966 4108 et
989 4068 1088 4130 nuper
1111 4070 1129 4111 a
1153 4047 1269 4113 Cobeto
1291 4047 1368 4110 dicta
1468 4078 1469 4081 =

294 4165 385 4235 sunt,
410 4180 488 4241 quae
510 4157 589 4221 nihil
613 4155 724 4219 attinet
746 4162 889 4239 repetere.
933 4144 1090 4235 Quamdiu
1106 4160 1244 4245 exempla
1259 4161 1368 4223 exstant

295 4268 414 4354 qualia,
446 4277 481 4332 ut
510 4268 549 4332 de
571 4266 678 4331 multis
702 4288 798 4351 pauca
822 4266 959 4344 afferam,
985 4275 1057 4331 sunt
1078 4268 1158 4335 Prae.
1183 4270 1274 4356 Gorg.
1300 4268 1364 4331 525.

293 4380 331 4443 A.
355 4379 460 4458 μέλλει
483 4380 605 4445 ἐλθοῦσα
627 4381 789 4452 ἀνατλῆναι
812 4378 853 4442 τοὶ
876 4380 1051 4458 τροςνθκοντα
1073 4380 1150 4455 aar„
1174 4390 1203 4445 et
1226 4385 1278 4445 Ar.
1294 4376 1362 4443 Aah.

295 4493 397 4555 1160:
429 4489 509 4575 κᾷτα
540 4491 697 4569 μέλλοντος
720 4487 827 4566 λαβεῖν
849 4510 912 4552 non
934 4487 1062 4553 inducar
1084 4498 1120 4554 ut
1142 4491 1292 4556 soloecum
1310 4484 1363 4550 eri·
