<?xml version="1.0" encoding="UTF-8"?>
<!DOCTYPE html PUBLIC "-//W3C//DTD XHTML 1.0 Transitional//EN"
    "http://www.w3.org/TR/xhtml1/DTD/xhtml1-transitional.dtd">
<html xmlns="http://www.w3.org/1999/xhtml" xml:lang="en" lang="en">
 <head>
  <title>
</title>
<meta http-equiv="Content-Type" content="text/html;charset=utf-8" />
  <meta name='ocr-system' content='tesseract 3.04.00' />
  <meta name='ocr-capabilities' content='ocr_page ocr_carea ocr_par ocr_line ocrx_word'/>
</head>
<body>
  <div class='ocr_page' id='page_1' title='image "./commentationesl03frangoog_0214.png"; bbox 0 0 2994 5234; ppageno 0'>
   <div class='ocr_carea' id='block_1_1' title="bbox 655 409 714 469">
    <p class='ocr_par' dir='ltr' id='par_1_1' title="bbox 655 409 714 469">
     <span class='ocr_line' id='line_1_1' title="bbox 655 409 714 469; baseline 0 0"><span class='ocrx_word' id='word_1_1' title='bbox 655 409 714 469; x_wconf 85' lang='grc'>199</span> 
     </span>
    </p>
   </div>
   <div class='ocr_carea' id='block_1_2' title="bbox 67 603 1230 4402">
    <p class='ocr_par' dir='ltr' id='par_1_2' title="bbox 67 603 1230 3418">
     <span class='ocr_line' id='line_1_2' title="bbox 128 603 1230 693; baseline 0.005 -26"><span class='ocrx_word' id='word_1_2' title='bbox 128 603 326 668; x_wconf 75' lang='lat' dir='ltr'><strong>Rectissime.</strong></span> <span class='ocrx_word' id='word_1_3' title='bbox 372 604 495 668; x_wconf 80' lang='lat' dir='ltr'>Transit</span> <span class='ocrx_word' id='word_1_4' title='bbox 518 606 742 669; x_wconf 86' lang='lat' dir='ltr'>constructio.&#39;&#39;</span> <span class='ocrx_word' id='word_1_5' title='bbox 787 605 919 670; x_wconf 85' lang='lat' dir='ltr'>Videtur</span> <span class='ocrx_word' id='word_1_6' title='bbox 942 608 1050 688; x_wconf 75' lang='grc' dir='ltr'><em>οὶφίετε</em></span> <span class='ocrx_word' id='word_1_7' title='bbox 1074 631 1129 693; x_wconf 92' lang='lat' dir='ltr'>pro</span> <span class='ocrx_word' id='word_1_8' title='bbox 1152 609 1230 672; x_wconf 89' lang='lat' dir='ltr'>indi·</span> 
     </span>
     <span class='ocr_line' id='line_1_3' title="bbox 128 712 1230 781; baseline 0.006 -7"><span class='ocrx_word' id='word_1_9' title='bbox 128 712 238 774; x_wconf 82' lang='lat' dir='ltr'>eativo</span> <span class='ocrx_word' id='word_1_10' title='bbox 269 713 410 777; x_wconf 83' lang='lat' dir='ltr'>habuisse</span> <span class='ocrx_word' id='word_1_11' title='bbox 442 722 472 777; x_wconf 90' lang='lat' dir='ltr'>et</span> <span class='ocrx_word' id='word_1_12' title='bbox 501 715 642 778; x_wconf 89' lang='lat' dir='ltr'>retulisse</span> <span class='ocrx_word' id='word_1_13' title='bbox 672 716 774 780; x_wconf 88' lang='lat' dir='ltr'>locum</span> <span class='ocrx_word' id='word_1_14' title='bbox 806 715 845 780; x_wconf 92' lang='lat' dir='ltr'>ad</span> <span class='ocrx_word' id='word_1_15' title='bbox 875 715 961 780; x_wconf 89' lang='lat' dir='ltr'>illam</span> <span class='ocrx_word' id='word_1_16' title='bbox 984 717 1165 781; x_wconf 88' lang='lat' dir='ltr'>brevitatem</span> <span class='ocrx_word' id='word_1_17' title='bbox 1187 718 1230 781; x_wconf 92' lang='lat' dir='ltr'>lo-</span> 
     </span>
     <span class='ocr_line' id='line_1_4' title="bbox 128 823 1229 912; baseline 0.006 -28"><span class='ocrx_word' id='word_1_18' title='bbox 128 823 269 903; x_wconf 86' lang='lat' dir='ltr'>quendi,</span> <span class='ocrx_word' id='word_1_19' title='bbox 302 846 363 907; x_wconf 89' lang='lat' dir='ltr'>qua</span> <span class='ocrx_word' id='word_1_20' title='bbox 393 824 520 888; x_wconf 87' lang='lat' dir='ltr'>verbum</span> <span class='ocrx_word' id='word_1_21' title='bbox 553 847 615 909; x_wconf 90' lang='lat' dir='ltr'>quo</span> <span class='ocrx_word' id='word_1_22' title='bbox 640 827 773 910; x_wconf 76' lang='lat' dir='ltr'>pertinet</span> <span class='ocrx_word' id='word_1_23' title='bbox 795 828 838 905; x_wconf 76' lang='grc' dir='ltr'>μή</span> <span class='ocrx_word' id='word_1_24' title='bbox 861 827 1076 911; x_wconf 85' lang='lat' dir='ltr'>supprimitur,</span> <span class='ocrx_word' id='word_1_25' title='bbox 1102 828 1229 912; x_wconf 84' lang='lat' dir='ltr'>eiusque</span> 
     </span>
     <span class='ocr_line' id='line_1_5' title="bbox 125 932 1229 1019; baseline 0.005 -25"><span class='ocrx_word' id='word_1_26' title='bbox 125 932 222 995; x_wconf 88' lang='lat' dir='ltr'>notio</span> <span class='ocrx_word' id='word_1_27' title='bbox 250 934 509 1016; x_wconf 81' lang='lat' dir='ltr'>exsequentibus</span> <span class='ocrx_word' id='word_1_28' title='bbox 533 934 698 1019; x_wconf 88' lang='lat' dir='ltr'>repetenda</span> <span class='ocrx_word' id='word_1_29' title='bbox 722 944 777 999; x_wconf 91' lang='lat' dir='ltr'>est.</span> <span class='ocrx_word' id='word_1_30' title='bbox 824 935 910 1000; x_wconf 81' lang='lat' dir='ltr'>[nfra</span> <span class='ocrx_word' id='word_1_31' title='bbox 934 939 986 999; x_wconf 89' lang='lat'>31.</span> <span class='ocrx_word' id='word_1_32' title='bbox 1012 939 1050 999; x_wconf 83' lang='lat'>9:</span> <span class='ocrx_word' id='word_1_33' title='bbox 1080 939 1110 1001; x_wconf 82' lang='grc' dir='ltr'>οὐ</span> <span class='ocrx_word' id='word_1_34' title='bbox 1137 942 1229 1001; x_wconf 77' lang='grc' dir='ltr'><em>τοίνυν</em></span> 
     </span>
     <span class='ocr_line' id='line_1_6' title="bbox 127 1038 1228 1128; baseline 0.007 -27"><span class='ocrx_word' id='word_1_35' title='bbox 127 1040 193 1103; x_wconf 78' lang='lat' dir='ltr'>ooa&#39;</span> <span class='ocrx_word' id='word_1_36' title='bbox 216 1038 309 1120; x_wconf 76' lang='grc' dir='ltr'><em>ὥσπερ</em></span> <span class='ocrx_word' id='word_1_37' title='bbox 332 1043 398 1107; x_wconf 75' lang='grc' dir='ltr'><em>ἔνιοί</em></span> <span class='ocrx_word' id='word_1_38' title='bbox 421 1045 525 1128; x_wconf 75' lang='grc' dir='ltr'><em>[τινες]</em></span> <span class='ocrx_word' id='word_1_39' title='bbox 549 1050 604 1109; x_wconf 79' lang='grc' dir='ltr'>τῶν</span> <span class='ocrx_word' id='word_1_40' title='bbox 627 1050 752 1108; x_wconf 83' lang='grc' dir='ltr'><em>τολοτῶν</em></span> <span class='ocrx_word' id='word_1_41' title='bbox 774 1043 996 1127; x_wconf 71' lang='grc' dir='ltr'>μετεβάλοντο,</span> <span class='ocrx_word' id='word_1_42' title='bbox 1025 1046 1123 1115; x_wconf 67' lang='grc' dir='ltr'><em>ἐπειδὴ</em></span> <span class='ocrx_word' id='word_1_43' title='bbox 1141 1045 1228 1122; x_wconf 76' lang='grc' dir='ltr'><em>ἑώρων</em></span> 
     </span>
     <span class='ocr_line' id='line_1_7' title="bbox 126 1148 1228 1236; baseline 0.007 -26"><span class='ocrx_word' id='word_1_44' title='bbox 126 1148 201 1220; x_wconf 80' lang='grc' dir='ltr'><em>τοὺς</em></span> <span class='ocrx_word' id='word_1_45' title='bbox 230 1150 290 1212; x_wconf 76' lang='lat' dir='ltr'>ctat</span> <span class='ocrx_word' id='word_1_46' title='bbox 317 1160 415 1225; x_wconf 75' lang='grc' dir='ltr'><em>Φυλῆς</em></span> <span class='ocrx_word' id='word_1_47' title='bbox 439 1152 468 1215; x_wconf 78' lang='grc' dir='ltr'>ἐν</span> <span class='ocrx_word' id='word_1_48' title='bbox 490 1148 530 1223; x_wconf 78' lang='grc' dir='ltr'>οἷς</span> <span class='ocrx_word' id='word_1_49' title='bbox 552 1153 694 1233; x_wconf 74' lang='grc' dir='ltr'><em>ἔπραττον</em></span> <span class='ocrx_word' id='word_1_50' title='bbox 718 1156 935 1236; x_wconf 79' lang='grc' dir='ltr'><em>εὐτυχοῦντος,</em></span> <span class='ocrx_word' id='word_1_51' title='bbox 961 1155 981 1218; x_wconf 92' lang='lat' dir='ltr'>i.</span> <span class='ocrx_word' id='word_1_52' title='bbox 1006 1177 1031 1218; x_wconf 91' lang='lat' dir='ltr'>e.</span> <span class='ocrx_word' id='word_1_53' title='bbox 1058 1155 1119 1220; x_wconf 76' lang='grc' dir='ltr'><em>οὐδὲ</em></span> <span class='ocrx_word' id='word_1_54' title='bbox 1141 1179 1228 1231; x_wconf 82' lang='grc' dir='ltr'><em>μετε-</em></span> 
     </span>
     <span class='ocr_line' id='line_1_8' title="bbox 126 1256 1228 1347; baseline 0.007 -27"><span class='ocrx_word' id='word_1_55' title='bbox 126 1256 267 1334; x_wconf 70' lang='grc' dir='ltr'><em>βάλετο,</em></span> <span class='ocrx_word' id='word_1_56' title='bbox 291 1257 385 1339; x_wconf 71' lang='grc' dir='ltr'><em>ὥσπερ</em></span> <span class='ocrx_word' id='word_1_57' title='bbox 409 1260 470 1326; x_wconf 74' lang='grc' dir='ltr'><em>ἔνεον</em></span> <span class='ocrx_word' id='word_1_58' title='bbox 494 1262 642 1336; x_wconf 79' lang='grc' dir='ltr'><em>ἐσοίνσοον.</em></span> <span class='ocrx_word' id='word_1_59' title='bbox 689 1262 769 1326; x_wconf 89' lang='lat' dir='ltr'>Plat.</span> <span class='ocrx_word' id='word_1_60' title='bbox 795 1262 897 1347; x_wconf 75' lang='lat' dir='ltr'>Symp.</span> <span class='ocrx_word' id='word_1_61' title='bbox 926 1266 997 1328; x_wconf 90' lang='grc'><strong>179.</strong></span> <span class='ocrx_word' id='word_1_62' title='bbox 1021 1263 1066 1326; x_wconf 80' lang='lat' dir='ltr'>Il:</span> <span class='ocrx_word' id='word_1_63' title='bbox 1091 1265 1228 1339; x_wconf 77' lang='grc' dir='ltr'><em>ἕτοίνσνον</em></span> 
     </span>
     <span class='ocr_line' id='line_1_9' title="bbox 126 1366 1229 1453; baseline 0.007 -24"><span class='ocrx_word' id='word_1_64' title='bbox 126 1368 182 1430; x_wconf 76' lang='grc' dir='ltr'>τὸν</span> <span class='ocrx_word' id='word_1_65' title='bbox 206 1366 329 1432; x_wconf 57' lang='lat' dir='ltr'>cavaeo</span> <span class='ocrx_word' id='word_1_66' title='bbox 352 1372 442 1434; x_wconf 75' lang='grc' dir='ltr'><em>αὐτοῦ</em></span> <span class='ocrx_word' id='word_1_67' title='bbox 465 1371 520 1434; x_wconf 76' lang='grc' dir='ltr'>ὑπὸ</span> <span class='ocrx_word' id='word_1_68' title='bbox 543 1380 686 1448; x_wconf 75' lang='grc' dir='ltr'><em>γυνοννκών</em></span> <span class='ocrx_word' id='word_1_69' title='bbox 709 1373 861 1448; x_wconf 73' lang='grc' dir='ltr'><em>γενέσθαι,</em></span> <span class='ocrx_word' id='word_1_70' title='bbox 885 1374 943 1452; x_wconf 80' lang='grc' dir='ltr'>οὐχ</span> <span class='ocrx_word' id='word_1_71' title='bbox 966 1370 1059 1452; x_wconf 75' lang='grc' dir='ltr'><em>ὥσπερ</em></span> <span class='ocrx_word' id='word_1_72' title='bbox 1077 1373 1229 1453; x_wconf 77' lang='grc' dir='ltr'><em>Ἀχνλλέοο</em></span> 
     </span>
     <span class='ocr_line' id='line_1_10' title="bbox 126 1474 1227 1561; baseline 0.006 -22"><span class='ocrx_word' id='word_1_73' title='bbox 126 1474 181 1539; x_wconf 71' lang='grc' dir='ltr'>τὸν</span> <span class='ocrx_word' id='word_1_74' title='bbox 205 1485 259 1551; x_wconf 75' lang='grc' dir='ltr'>τῆς</span> <span class='ocrx_word' id='word_1_75' title='bbox 283 1476 399 1548; x_wconf 75' lang='grc' dir='ltr'><em>Θέτιδος</em></span> <span class='ocrx_word' id='word_1_76' title='bbox 422 1477 480 1542; x_wconf 79' lang='grc' dir='ltr'><em>υἱὸν</em></span> <span class='ocrx_word' id='word_1_77' title='bbox 503 1479 664 1560; x_wconf 78' lang='grc' dir='ltr'><em>ἕτίμνσνον,</em></span> <span class='ocrx_word' id='word_1_78' title='bbox 686 1481 706 1543; x_wconf 93' lang='lat' dir='ltr'>i.</span> <span class='ocrx_word' id='word_1_79' title='bbox 726 1502 751 1544; x_wconf 91' lang='lat' dir='ltr'>e.</span> <span class='ocrx_word' id='word_1_80' title='bbox 772 1483 821 1545; x_wconf 81' lang='grc' dir='ltr'>οὐκ</span> <span class='ocrx_word' id='word_1_81' title='bbox 836 1480 978 1557; x_wconf 71' lang='grc' dir='ltr'><em>ἐτίμησεν</em></span> <span class='ocrx_word' id='word_1_82' title='bbox 987 1528 997 1557; x_wconf 92' lang='grc'><em>,</em></span> <span class='ocrx_word' id='word_1_83' title='bbox 1013 1483 1050 1551; x_wconf 75' lang='grc' dir='ltr'>ὥς</span> <span class='ocrx_word' id='word_1_84' title='bbox 1065 1480 1227 1561; x_wconf 73' lang='grc' dir='ltr'>Ἀχιλλέα.</span> 
     </span>
     <span class='ocr_line' id='line_1_11' title="bbox 127 1587 1227 1670; baseline 0.002 -21"><span class='ocrx_word' id='word_1_85' title='bbox 127 1587 233 1651; x_wconf 83' lang='lat' dir='ltr'>Thuc.</span> <span class='ocrx_word' id='word_1_86' title='bbox 247 1587 321 1651; x_wconf 85' lang='lat' dir='ltr'>VII.</span> <span class='ocrx_word' id='word_1_87' title='bbox 344 1591 397 1651; x_wconf 72' lang='lat' dir='ltr'>hh.</span> <span class='ocrx_word' id='word_1_88' title='bbox 420 1591 457 1651; x_wconf 82' lang='lat'>3:</span> <span class='ocrx_word' id='word_1_89' title='bbox 482 1590 568 1669; x_wconf 79' lang='grc' dir='ltr'><em>ἑώρων</em></span> <span class='ocrx_word' id='word_1_90' title='bbox 592 1589 615 1653; x_wconf 73' lang='grc' dir='ltr'>δ’</span> <span class='ocrx_word' id='word_1_91' title='bbox 640 1588 728 1661; x_wconf 80' lang='grc' dir='ltr'><em>οὕτως</em></span> <span class='ocrx_word' id='word_1_92' title='bbox 751 1591 899 1665; x_wconf 67' lang='grc' dir='ltr'><em>ἀλλήλους</em></span> <span class='ocrx_word' id='word_1_93' title='bbox 921 1593 957 1662; x_wconf 76' lang='grc' dir='ltr'>ὡς</span> <span class='ocrx_word' id='word_1_94' title='bbox 976 1592 1005 1654; x_wconf 83' lang='grc' dir='ltr'>ἕν</span> <span class='ocrx_word' id='word_1_95' title='bbox 1028 1591 1133 1670; x_wconf 78' lang='grc' dir='ltr'><em>σελήνρ</em></span> <span class='ocrx_word' id='word_1_96' title='bbox 1154 1590 1227 1660; x_wconf 79' lang='grc' dir='ltr'><em>εἰκὸς</em></span> 
     </span>
     <span class='ocr_line' id='line_1_12' title="bbox 127 1696 1226 1778; baseline 0.003 -18"><span class='ocrx_word' id='word_1_97' title='bbox 127 1698 184 1771; x_wconf 69' lang='grc' dir='ltr'>τὴν</span> <span class='ocrx_word' id='word_1_98' title='bbox 214 1701 269 1771; x_wconf 75' lang='grc' dir='ltr'>μὲν</span> <span class='ocrx_word' id='word_1_99' title='bbox 295 1696 359 1776; x_wconf 74' lang='grc' dir='ltr'><em>ὄψον</em></span> <span class='ocrx_word' id='word_1_100' title='bbox 391 1703 441 1762; x_wconf 80' lang='grc' dir='ltr'>τοῦ</span> <span class='ocrx_word' id='word_1_101' title='bbox 472 1698 608 1771; x_wconf 70' lang='grc' dir='ltr'><em>σώματος</em></span> <span class='ocrx_word' id='word_1_102' title='bbox 635 1702 771 1778; x_wconf 74' lang='grc' dir='ltr'><em>τροορῖον,</em></span> <span class='ocrx_word' id='word_1_103' title='bbox 799 1701 851 1774; x_wconf 67' lang='grc' dir='ltr'>τὴν</span> <span class='ocrx_word' id='word_1_104' title='bbox 874 1699 903 1762; x_wconf 74' lang='grc' dir='ltr'>δὲ</span> <span class='ocrx_word' id='word_1_105' title='bbox 926 1704 1030 1776; x_wconf 68' lang='grc' dir='ltr'><em>γνῶσιν</em></span> <span class='ocrx_word' id='word_1_106' title='bbox 1052 1704 1103 1764; x_wconf 81' lang='grc' dir='ltr'>τοῦ</span> <span class='ocrx_word' id='word_1_107' title='bbox 1127 1699 1226 1763; x_wconf 80' lang='grc' dir='ltr'><em>οἰκείου</em></span> 
     </span>
     <span class='ocr_line' id='line_1_13' title="bbox 129 1807 1228 1889; baseline 0.001 -19"><span class='ocrx_word' id='word_1_108' title='bbox 129 1808 339 1889; x_wconf 66' lang='grc' dir='ltr'><em>ἀπιστεῖσθαι,</em></span> <span class='ocrx_word' id='word_1_109' title='bbox 370 1808 424 1870; x_wconf 91' lang='lat' dir='ltr'>ubi</span> <span class='ocrx_word' id='word_1_110' title='bbox 454 1807 527 1877; x_wconf 76' lang='grc' dir='ltr'><em>εἰκός</em></span> <span class='ocrx_word' id='word_1_111' title='bbox 558 1808 651 1870; x_wconf 82' lang='lat' dir='ltr'>traxit</span> <span class='ocrx_word' id='word_1_112' title='bbox 682 1808 721 1870; x_wconf 93' lang='lat' dir='ltr'>ad</span> <span class='ocrx_word' id='word_1_113' title='bbox 749 1829 781 1870; x_wconf 90' lang='lat' dir='ltr'>se</span> <span class='ocrx_word' id='word_1_114' title='bbox 812 1828 890 1889; x_wconf 89' lang='lat' dir='ltr'>quae</span> <span class='ocrx_word' id='word_1_115' title='bbox 913 1807 1118 1872; x_wconf 89' lang='lat' dir='ltr'>construenda</span> <span class='ocrx_word' id='word_1_116' title='bbox 1141 1815 1228 1872; x_wconf 90' lang='lat' dir='ltr'>erant</span> 
     </span>
     <span class='ocr_line' id='line_1_14' title="bbox 127 1913 1226 2000; baseline 0.001 -22"><span class='ocrx_word' id='word_1_117' title='bbox 127 1937 204 1980; x_wconf 90' lang='lat' dir='ltr'>cum</span> <span class='ocrx_word' id='word_1_118' title='bbox 225 1918 313 1992; x_wconf 80' lang='grc' dir='ltr'><em>ἐώρων</em></span> <span class='ocrx_word' id='word_1_119' title='bbox 335 1913 439 1997; x_wconf 78' lang='grc' dir='ltr'><em>οὕτως,</em></span> <span class='ocrx_word' id='word_1_120' title='bbox 464 1938 573 2000; x_wconf 85' lang='lat' dir='ltr'>nempe</span> <span class='ocrx_word' id='word_1_121' title='bbox 595 1914 670 1981; x_wconf 70' lang='grc' dir='ltr'><em>ὥστε</em></span> <span class='ocrx_word' id='word_1_122' title='bbox 695 1919 813 1996; x_wconf 76' lang='grc' dir='ltr'><em>τροορῖον</em></span> <span class='ocrx_word' id='word_1_123' title='bbox 837 1916 908 1997; x_wconf 77' lang='grc' dir='ltr'><em>μέν,</em></span> <span class='ocrx_word' id='word_1_124' title='bbox 929 1916 1114 1980; x_wconf 58' lang='lat' dir='ltr'>carcerata</span> <span class='ocrx_word' id='word_1_125' title='bbox 1129 1916 1159 1981; x_wconf 70' lang='grc' dir='ltr'>δὲ</span> <span class='ocrx_word' id='word_1_126' title='bbox 1174 1919 1226 1990; x_wconf 71' lang='grc' dir='ltr'>τὴν</span> 
     </span>
     <span class='ocr_line' id='line_1_15' title="bbox 67 2026 1226 2111; baseline 0.001 -22"><span class='ocrx_word' id='word_1_127' title='bbox 67 2063 71 2068; x_wconf 46' lang='lat'>1</span> <span class='ocrx_word' id='word_1_128' title='bbox 127 2035 246 2102; x_wconf 65' lang='grc' dir='ltr'><em>γνῶσιν,</em></span> <span class='ocrx_word' id='word_1_129' title='bbox 282 2027 377 2090; x_wconf 86' lang='lat' dir='ltr'>Arist.</span> <span class='ocrx_word' id='word_1_130' title='bbox 408 2027 489 2111; x_wconf 82' lang='lat' dir='ltr'>Equ.</span> <span class='ocrx_word' id='word_1_131' title='bbox 521 2029 602 2091; x_wconf 83' lang='lat'><strong>783:</strong></span> <span class='ocrx_word' id='word_1_132' title='bbox 626 2029 657 2090; x_wconf 82' lang='grc' dir='ltr'>οὐ</span> <span class='ocrx_word' id='word_1_133' title='bbox 683 2026 825 2107; x_wconf 79' lang='grc' dir='ltr'><em>Φροντίζεν</em></span> <span class='ocrx_word' id='word_1_134' title='bbox 854 2033 981 2106; x_wconf 76' lang='grc' dir='ltr'><em>σκληρῶς</em></span> <span class='ocrx_word' id='word_1_135' title='bbox 1008 2051 1042 2089; x_wconf 93' lang='grc' dir='ltr'><em>σε</em></span> <span class='ocrx_word' id='word_1_136' title='bbox 1068 2028 1226 2103; x_wconf 69' lang='grc' dir='ltr'><em>καθήμενον</em></span> 
     </span>
     <span class='ocr_line' id='line_1_16' title="bbox 126 2133 1224 2217; baseline -0.001 -17"><span class='ocrx_word' id='word_1_137' title='bbox 126 2133 233 2215; x_wconf 79' lang='grc' dir='ltr'><em>οὕτως,</em></span> <span class='ocrx_word' id='word_1_138' title='bbox 258 2140 316 2216; x_wconf 80' lang='grc' dir='ltr'>οὐχ</span> <span class='ocrx_word' id='word_1_139' title='bbox 338 2135 431 2217; x_wconf 69' lang='grc' dir='ltr'><em>ὥσπερ</em></span> <span class='ocrx_word' id='word_1_140' title='bbox 454 2138 511 2213; x_wconf 60' lang='lat' dir='ltr'>syo</span> <span class='ocrx_word' id='word_1_141' title='bbox 534 2136 703 2217; x_wconf 76' lang='grc' dir='ltr'><em>ῥοοψοέροενός</em></span> <span class='ocrx_word' id='word_1_142' title='bbox 726 2160 768 2200; x_wconf 86' lang='grc' dir='ltr'>σον</span> <span class='ocrx_word' id='word_1_143' title='bbox 791 2135 870 2199; x_wconf 74' lang='grc' dir='ltr'><em>τουτὶ</em></span> <span class='ocrx_word' id='word_1_144' title='bbox 893 2136 970 2215; x_wconf 66' lang='lat' dir='ltr'>&lt;Dipo</span> <span class='ocrx_word' id='word_1_145' title='bbox 994 2136 1015 2198; x_wconf 94' lang='lat' dir='ltr'>i.</span> <span class='ocrx_word' id='word_1_146' title='bbox 1040 2157 1066 2198; x_wconf 89' lang='lat' dir='ltr'>e.</span> <span class='ocrx_word' id='word_1_147' title='bbox 1091 2135 1152 2199; x_wconf 79' lang='grc' dir='ltr'><em>οὐδὲ</em></span> <span class='ocrx_word' id='word_1_148' title='bbox 1169 2136 1224 2215; x_wconf 80' lang='grc' dir='ltr'>Φέ-</span> 
     </span>
     <span class='ocr_line' id='line_1_17' title="bbox 125 2242 1222 2325; baseline -0.002 -16"><span class='ocrx_word' id='word_1_149' title='bbox 125 2270 187 2325; x_wconf 84' lang='grc' dir='ltr'><em>ρεν,</em></span> <span class='ocrx_word' id='word_1_150' title='bbox 214 2245 309 2322; x_wconf 72' lang='grc' dir='ltr'><em>ὥσπερ</em></span> <span class='ocrx_word' id='word_1_151' title='bbox 331 2247 389 2324; x_wconf 74' lang='grc' dir='ltr'>ἐγὼ</span> <span class='ocrx_word' id='word_1_152' title='bbox 412 2253 491 2311; x_wconf 78' lang='grc' dir='ltr'><em>πονῶ.</em></span> <span class='ocrx_word' id='word_1_153' title='bbox 539 2245 685 2309; x_wconf 81' lang='lat' dir='ltr'>Similiter</span> <span class='ocrx_word' id='word_1_154' title='bbox 708 2244 814 2309; x_wconf 82' lang='lat' dir='ltr'>Livius</span> <span class='ocrx_word' id='word_1_155' title='bbox 837 2250 917 2309; x_wconf 81' lang='lat' dir='ltr'>sicut</span> <span class='ocrx_word' id='word_1_156' title='bbox 938 2245 992 2308; x_wconf 87' lang='lat' dir='ltr'>h&#39;b.</span> <span class='ocrx_word' id='word_1_157' title='bbox 1017 2242 1136 2308; x_wconf 87' lang='lat' dir='ltr'>XXIV.</span> <span class='ocrx_word' id='word_1_158' title='bbox 1162 2247 1222 2307; x_wconf 77' lang='lat'>25:</span> 
     </span>
     <span class='ocr_line' id='line_1_18' title="bbox 127 2351 1224 2437; baseline -0.001 -21"><span class='ocrx_word' id='word_1_159' title='bbox 127 2361 190 2436; x_wconf 87' lang='lat' dir='ltr'>„et</span> <span class='ocrx_word' id='word_1_160' title='bbox 212 2375 275 2417; x_wconf 91' lang='lat' dir='ltr'>non</span> <span class='ocrx_word' id='word_1_161' title='bbox 301 2355 394 2418; x_wconf 84' lang='lat' dir='ltr'>ferme</span> <span class='ocrx_word' id='word_1_162' title='bbox 418 2354 531 2418; x_wconf 87' lang='lat' dir='ltr'>desunt</span> <span class='ocrx_word' id='word_1_163' title='bbox 553 2355 666 2418; x_wconf 89' lang='lat' dir='ltr'>irarum</span> <span class='ocrx_word' id='word_1_164' title='bbox 689 2353 884 2437; x_wconf 85' lang='lat' dir='ltr'>indulgentes</span> <span class='ocrx_word' id='word_1_165' title='bbox 906 2353 1050 2418; x_wconf 89' lang='lat' dir='ltr'>ministri.</span> <span class='ocrx_word' id='word_1_166' title='bbox 1071 2391 1116 2401; x_wconf 93' lang='lat'><em>-</em></span> <span class='ocrx_word' id='word_1_167' title='bbox 1137 2351 1224 2415; x_wconf 86' lang='lat' dir='ltr'>Sicut</span> 
     </span>
     <span class='ocr_line' id='line_1_19' title="bbox 127 2462 1223 2547; baseline 0 -23"><span class='ocrx_word' id='word_1_168' title='bbox 127 2470 221 2539; x_wconf 90' lang='lat' dir='ltr'>„tum</span> <span class='ocrx_word' id='word_1_169' title='bbox 236 2463 389 2546; x_wconf 84' lang='lat' dir='ltr'>extemplo</span> <span class='ocrx_word' id='word_1_170' title='bbox 406 2470 558 2547; x_wconf 88' lang='lat' dir='ltr'>praetores</span> <span class='ocrx_word' id='word_1_171' title='bbox 574 2463 765 2546; x_wconf 85' lang='lat' dir='ltr'>rogationem</span> <span class='ocrx_word' id='word_1_172' title='bbox 780 2463 1038 2547; x_wconf 88' lang='lat' dir='ltr'>promulgarunt&#39;’</span> <span class='ocrx_word' id='word_1_173' title='bbox 1053 2485 1108 2547; x_wconf 90' lang='lat' dir='ltr'>pro</span> <span class='ocrx_word' id='word_1_174' title='bbox 1120 2462 1223 2540; x_wconf 89' lang='lat' dir='ltr'>„sicut</span> 
     </span>
     <span class='ocr_line' id='line_1_20' title="bbox 127 2573 1223 2658; baseline 0 -23"><span class='ocrx_word' id='word_1_175' title='bbox 127 2580 222 2649; x_wconf 90' lang='lat' dir='ltr'>„tum</span> <span class='ocrx_word' id='word_1_176' title='bbox 246 2581 417 2656; x_wconf 90' lang='lat' dir='ltr'>praetores,</span> <span class='ocrx_word' id='word_1_177' title='bbox 442 2574 496 2655; x_wconf 90' lang='lat' dir='ltr'>qui</span> <span class='ocrx_word' id='word_1_178' title='bbox 511 2573 777 2658; x_wconf 85' lang='lat' dir='ltr'>promulgarunt.”</span> <span class='ocrx_word' id='word_1_179' title='bbox 808 2573 924 2637; x_wconf 83' lang='lat' dir='ltr'><strong>XLIV.</strong></span> <span class='ocrx_word' id='word_1_180' title='bbox 941 2576 1001 2650; x_wconf 73' lang='lat'>41,</span> <span class='ocrx_word' id='word_1_181' title='bbox 1019 2573 1073 2636; x_wconf 93' lang='lat' dir='ltr'>ubi</span> <span class='ocrx_word' id='word_1_182' title='bbox 1090 2573 1223 2656; x_wconf 80' lang='lat' dir='ltr'>phalanx</span> 
     </span>
     <span class='ocr_line' id='line_1_21' title="bbox 127 2680 1223 2764; baseline 0 -20"><span class='ocrx_word' id='word_1_183' title='bbox 127 2680 332 2745; x_wconf 86' lang='lat' dir='ltr'>describitur:</span> <span class='ocrx_word' id='word_1_184' title='bbox 356 2683 404 2758; x_wconf 88' lang='lat' dir='ltr'>„si</span> <span class='ocrx_word' id='word_1_185' title='bbox 427 2720 472 2731; x_wconf 88' lang='lat'><em>-</em></span> <span class='ocrx_word' id='word_1_186' title='bbox 495 2682 533 2746; x_wconf 88' lang='lat' dir='ltr'>ab</span> <span class='ocrx_word' id='word_1_187' title='bbox 555 2683 649 2746; x_wconf 89' lang='lat' dir='ltr'>latere</span> <span class='ocrx_word' id='word_1_188' title='bbox 672 2720 718 2731; x_wconf 91' lang='lat'>—</span> <span class='ocrx_word' id='word_1_189' title='bbox 740 2683 894 2745; x_wconf 90' lang='lat' dir='ltr'>tumultus</span> <span class='ocrx_word' id='word_1_190' title='bbox 913 2719 958 2730; x_wconf 92' lang='grc'>-</span> <span class='ocrx_word' id='word_1_191' title='bbox 978 2682 1145 2764; x_wconf 87' lang='lat' dir='ltr'>increpuit,</span> <span class='ocrx_word' id='word_1_192' title='bbox 1161 2683 1223 2745; x_wconf 89' lang='lat' dir='ltr'>rui·</span> 
     </span>
     <span class='ocr_line' id='line_1_22' title="bbox 102 2790 1222 2868; baseline 0 -15"><span class='ocrx_word' id='word_1_193' title='bbox 102 2813 209 2866; x_wconf 65' lang='lat' dir='ltr'>,uae</span> <span class='ocrx_word' id='word_1_194' title='bbox 239 2790 332 2853; x_wconf 92' lang='lat' dir='ltr'>modo</span> <span class='ocrx_word' id='word_1_195' title='bbox 355 2791 536 2868; x_wconf 85' lang='lat' dir='ltr'>turbantur,</span> <span class='ocrx_word' id='word_1_196' title='bbox 561 2791 641 2855; x_wconf 89' lang='lat' dir='ltr'>sicut</span> <span class='ocrx_word' id='word_1_197' title='bbox 663 2798 730 2855; x_wconf 91' lang='lat' dir='ltr'>tum</span> <span class='ocrx_word' id='word_1_198' title='bbox 754 2791 898 2854; x_wconf 83' lang='lat' dir='ltr'>adversus</span> <span class='ocrx_word' id='word_1_199' title='bbox 922 2791 1099 2854; x_wconf 90' lang='lat' dir='ltr'>catervatim</span> <span class='ocrx_word' id='word_1_200' title='bbox 1122 2791 1222 2855; x_wconf 91' lang='lat' dir='ltr'>incur-</span> 
     </span>
     <span class='ocr_line' id='line_1_23' title="bbox 127 2898 1221 2984; baseline 0.001 -22"><span class='ocrx_word' id='word_1_201' title='bbox 127 2906 255 2976; x_wconf 83' lang='lat' dir='ltr'>„rentes</span> <span class='ocrx_word' id='word_1_202' title='bbox 285 2898 438 2963; x_wconf 80' lang='lat' dir='ltr'>Romanos</span> <span class='ocrx_word' id='word_1_203' title='bbox 461 2938 507 2949; x_wconf 91' lang='lat'>—</span> <span class='ocrx_word' id='word_1_204' title='bbox 530 2901 651 2964; x_wconf 87' lang='lat' dir='ltr'>obviam</span> <span class='ocrx_word' id='word_1_205' title='bbox 681 2900 725 2963; x_wconf 91' lang='lat' dir='ltr'>ire</span> <span class='ocrx_word' id='word_1_206' title='bbox 756 2899 982 2984; x_wconf 84' lang='lat' dir='ltr'>cogebantur,&#39;&#39;</span> <span class='ocrx_word' id='word_1_207' title='bbox 1013 2921 1086 2982; x_wconf 74' lang='lat' dir='ltr'>prot</span> <span class='ocrx_word' id='word_1_208' title='bbox 1117 2899 1221 2975; x_wconf 87' lang='lat' dir='ltr'>„siout</span> 
     </span>
     <span class='ocr_line' id='line_1_24' title="bbox 127 3007 1221 3092; baseline 0 -20"><span class='ocrx_word' id='word_1_209' title='bbox 127 3018 221 3086; x_wconf 81' lang='lat' dir='ltr'>„tum</span> <span class='ocrx_word' id='word_1_210' title='bbox 252 3009 472 3087; x_wconf 85' lang='lat' dir='ltr'>turbabantur,</span> <span class='ocrx_word' id='word_1_211' title='bbox 506 3011 580 3074; x_wconf 94' lang='lat' dir='ltr'>dum</span> <span class='ocrx_word' id='word_1_212' title='bbox 603 3010 724 3073; x_wconf 88' lang='lat' dir='ltr'>obviam</span> <span class='ocrx_word' id='word_1_213' title='bbox 747 3010 790 3073; x_wconf 90' lang='lat' dir='ltr'>ire</span> <span class='ocrx_word' id='word_1_214' title='bbox 815 3008 999 3092; x_wconf 85' lang='lat' dir='ltr'>coguntur.”</span> <span class='ocrx_word' id='word_1_215' title='bbox 1044 3007 1105 3071; x_wconf 82' lang='lat' dir='ltr'>Sed</span> <span class='ocrx_word' id='word_1_216' title='bbox 1125 3015 1163 3071; x_wconf 88' lang='lat' dir='ltr'>ut</span> <span class='ocrx_word' id='word_1_217' title='bbox 1177 3031 1221 3072; x_wconf 91' lang='lat' dir='ltr'>re-</span> 
     </span>
     <span class='ocr_line' id='line_1_25' title="bbox 129 3117 1221 3204; baseline 0.001 -23"><span class='ocrx_word' id='word_1_218' title='bbox 129 3119 218 3183; x_wconf 88' lang='lat' dir='ltr'>deam</span> <span class='ocrx_word' id='word_1_219' title='bbox 242 3119 282 3182; x_wconf 93' lang='lat' dir='ltr'>ad</span> <span class='ocrx_word' id='word_1_220' title='bbox 304 3118 444 3204; x_wconf 84' lang='lat' dir='ltr'>Lysiam,</span> <span class='ocrx_word' id='word_1_221' title='bbox 469 3121 512 3184; x_wconf 89' lang='lat' dir='ltr'>sic</span> <span class='ocrx_word' id='word_1_222' title='bbox 535 3117 683 3196; x_wconf 77' lang='grc' dir='ltr'><em>εἰθοσροένον</em></span> <span class='ocrx_word' id='word_1_223' title='bbox 706 3120 772 3183; x_wconf 79' lang='grc' dir='ltr'><em>ἐστέ</em></span> <span class='ocrx_word' id='word_1_224' title='bbox 797 3118 901 3182; x_wconf 89' lang='lat' dir='ltr'>abesse</span> <span class='ocrx_word' id='word_1_225' title='bbox 924 3118 1072 3194; x_wconf 85' lang='lat' dir='ltr'>debebat,</span> <span class='ocrx_word' id='word_1_226' title='bbox 1097 3125 1128 3181; x_wconf 89' lang='lat' dir='ltr'>et</span> <span class='ocrx_word' id='word_1_227' title='bbox 1151 3140 1221 3182; x_wconf 92' lang='lat' dir='ltr'>cou-</span> 
     </span>
     <span class='ocr_line' id='line_1_26' title="bbox 127 3226 1220 3311; baseline -0.001 -20"><span class='ocrx_word' id='word_1_228' title='bbox 127 3229 286 3293; x_wconf 89' lang='lat' dir='ltr'>iuuotivus</span> <span class='ocrx_word' id='word_1_229' title='bbox 317 3230 423 3292; x_wconf 88' lang='lat' dir='ltr'>aoristi</span> <span class='ocrx_word' id='word_1_230' title='bbox 453 3228 628 3305; x_wconf 70' lang='grc' dir='ltr'><em>ἐξελέγξητε</em></span> <span class='ocrx_word' id='word_1_231' title='bbox 658 3250 721 3292; x_wconf 91' lang='lat' dir='ltr'>nou</span> <span class='ocrx_word' id='word_1_232' title='bbox 747 3234 838 3311; x_wconf 89' lang='lat' dir='ltr'>aptus</span> <span class='ocrx_word' id='word_1_233' title='bbox 862 3227 957 3303; x_wconf 83' lang='lat' dir='ltr'>foret,</span> <span class='ocrx_word' id='word_1_234' title='bbox 982 3228 1036 3309; x_wconf 90' lang='lat' dir='ltr'>qui</span> <span class='ocrx_word' id='word_1_235' title='bbox 1059 3226 1220 3290; x_wconf 83' lang='lat' dir='ltr'>manifesto</span> 
     </span>
     <span class='ocr_line' id='line_1_27' title="bbox 128 3336 1218 3418; baseline -0.001 -17"><span class='ocrx_word' id='word_1_236' title='bbox 128 3339 235 3416; x_wconf 88' lang='lat' dir='ltr'>docet,</span> <span class='ocrx_word' id='word_1_237' title='bbox 268 3339 306 3401; x_wconf 93' lang='lat' dir='ltr'>de</span> <span class='ocrx_word' id='word_1_238' title='bbox 333 3361 366 3402; x_wconf 91' lang='lat' dir='ltr'>re</span> <span class='ocrx_word' id='word_1_239' title='bbox 393 3339 521 3402; x_wconf 88' lang='lat' dir='ltr'>instanti</span> <span class='ocrx_word' id='word_1_240' title='bbox 544 3359 715 3402; x_wconf 90' lang='lat' dir='ltr'>sermonem</span> <span class='ocrx_word' id='word_1_241' title='bbox 738 3359 811 3401; x_wconf 90' lang='lat' dir='ltr'>esse.</span> <span class='ocrx_word' id='word_1_242' title='bbox 847 3336 908 3399; x_wconf 92' lang='lat' dir='ltr'>Pro</span> <span class='ocrx_word' id='word_1_243' title='bbox 931 3337 997 3406; x_wconf 82' lang='grc' dir='ltr'><em>τούς</em></span> <span class='ocrx_word' id='word_1_244' title='bbox 1020 3336 1079 3418; x_wconf 77' lang='lat' dir='ltr'>leg</span> <span class='ocrx_word' id='word_1_245' title='bbox 1104 3337 1218 3409; x_wconf 74' lang='grc' dir='ltr'><em>αὐτούς.</em></span> 
     </span>
    </p>

    <p class='ocr_par' dir='ltr' id='par_1_3' title="bbox 128 3444 1219 4402">
     <span class='ocr_line' id='line_1_28' title="bbox 172 3444 1216 3531; baseline 0 -21"><span class='ocrx_word' id='word_1_246' title='bbox 172 3447 333 3531; x_wconf 76' lang='lat' dir='ltr'>Epicrates</span> <span class='ocrx_word' id='word_1_247' title='bbox 349 3454 535 3511; x_wconf 88' lang='lat' dir='ltr'>memoratur</span> <span class='ocrx_word' id='word_1_248' title='bbox 548 3469 565 3510; x_wconf 87' lang='lat' dir='ltr'>a</span> <span class='ocrx_word' id='word_1_249' title='bbox 576 3446 784 3510; x_wconf 89' lang='lat' dir='ltr'>Demosthene</span> <span class='ocrx_word' id='word_1_250' title='bbox 797 3446 835 3508; x_wconf 89' lang='lat' dir='ltr'>de</span> <span class='ocrx_word' id='word_1_251' title='bbox 847 3445 914 3508; x_wconf 81' lang='lat' dir='ltr'>fals.</span> <span class='ocrx_word' id='word_1_252' title='bbox 928 3444 987 3528; x_wconf 88' lang='lat' dir='ltr'>leg.</span> <span class='ocrx_word' id='word_1_253' title='bbox 999 3446 1017 3528; x_wconf 64' lang='lat' dir='ltr'>p</span> <span class='ocrx_word' id='word_1_254' title='bbox 1030 3447 1216 3510; x_wconf 73' lang='lat' dir='ltr'>att-280.</span> 
     </span>
     <span class='ocr_line' id='line_1_29' title="bbox 128 3555 1218 3640; baseline 0 -22"><span class='ocrx_word' id='word_1_255' title='bbox 128 3556 302 3620; x_wconf 91' lang='lat' dir='ltr'>Damnatus</span> <span class='ocrx_word' id='word_1_256' title='bbox 327 3565 374 3620; x_wconf 89' lang='lat' dir='ltr'>est</span> <span class='ocrx_word' id='word_1_257' title='bbox 396 3579 466 3621; x_wconf 93' lang='lat' dir='ltr'>cum</span> <span class='ocrx_word' id='word_1_258' title='bbox 491 3558 580 3622; x_wconf 91' lang='lat' dir='ltr'>sociis</span> <span class='ocrx_word' id='word_1_259' title='bbox 604 3557 768 3640; x_wconf 88' lang='lat' dir='ltr'>legationis</span> <span class='ocrx_word' id='word_1_260' title='bbox 791 3562 907 3633; x_wconf 90' lang='lat' dir='ltr'>morte,</span> <span class='ocrx_word' id='word_1_261' title='bbox 933 3555 1016 3640; x_wconf 89' lang='lat' dir='ltr'>quod</span> <span class='ocrx_word' id='word_1_262' title='bbox 1040 3555 1117 3618; x_wconf 88' lang='lat' dir='ltr'>falsa</span> <span class='ocrx_word' id='word_1_263' title='bbox 1138 3562 1218 3618; x_wconf 90' lang='lat' dir='ltr'>retu·</span> 
     </span>
     <span class='ocr_line' id='line_1_30' title="bbox 128 3663 1217 3749; baseline 0 -21"><span class='ocrx_word' id='word_1_264' title='bbox 128 3665 254 3740; x_wconf 90' lang='lat' dir='ltr'>lissent,</span> <span class='ocrx_word' id='word_1_265' title='bbox 290 3665 389 3728; x_wconf 87' lang='lat' dir='ltr'>socios</span> <span class='ocrx_word' id='word_1_266' title='bbox 424 3689 477 3749; x_wconf 91' lang='lat' dir='ltr'>per</span> <span class='ocrx_word' id='word_1_267' title='bbox 512 3666 695 3729; x_wconf 86' lang='lat' dir='ltr'>calumniam</span> <span class='ocrx_word' id='word_1_268' title='bbox 728 3671 922 3729; x_wconf 80' lang='lat' dir='ltr'>accusassent</span> <span class='ocrx_word' id='word_1_269' title='bbox 952 3663 1217 3748; x_wconf 74' lang='grc' dir='ltr'><em>(κντεψεύσοοντο),</em></span> 
     </span>
     <span class='ocr_line' id='line_1_31' title="bbox 128 3772 1219 3859; baseline -0.001 -22"><span class='ocrx_word' id='word_1_270' title='bbox 128 3775 211 3839; x_wconf 90' lang='lat' dir='ltr'>dona</span> <span class='ocrx_word' id='word_1_271' title='bbox 234 3776 431 3859; x_wconf 81' lang='lat' dir='ltr'>accepissent.</span> <span class='ocrx_word' id='word_1_272' title='bbox 480 3775 525 3838; x_wconf 78' lang='lat' dir='ltr'>Ea</span> <span class='ocrx_word' id='word_1_273' title='bbox 549 3775 702 3839; x_wconf 88' lang='lat' dir='ltr'>accusatio</span> <span class='ocrx_word' id='word_1_274' title='bbox 726 3774 828 3838; x_wconf 90' lang='lat' dir='ltr'>multo</span> <span class='ocrx_word' id='word_1_275' title='bbox 852 3780 923 3837; x_wconf 87' lang='lat' dir='ltr'>ante</span> <span class='ocrx_word' id='word_1_276' title='bbox 943 3795 970 3835; x_wconf 87' lang='lat' dir='ltr'>a.</span> <span class='ocrx_word' id='word_1_277' title='bbox 988 3774 1070 3849; x_wconf 77' lang='lat'>346,</span> <span class='ocrx_word' id='word_1_278' title='bbox 1088 3794 1150 3855; x_wconf 92' lang='lat' dir='ltr'>quo</span> <span class='ocrx_word' id='word_1_279' title='bbox 1166 3772 1219 3836; x_wconf 92' lang='lat' dir='ltr'>ha·</span> 
     </span>
     <span class='ocr_line' id='line_1_32' title="bbox 130 3883 1217 3965; baseline -0.002 -18"><span class='ocrx_word' id='word_1_280' title='bbox 130 3884 193 3947; x_wconf 93' lang='lat' dir='ltr'>bita</span> <span class='ocrx_word' id='word_1_281' title='bbox 216 3890 263 3957; x_wconf 86' lang='lat' dir='ltr'>est</span> <span class='ocrx_word' id='word_1_282' title='bbox 293 3885 390 3947; x_wconf 90' lang='lat' dir='ltr'>oratio</span> <span class='ocrx_word' id='word_1_283' title='bbox 417 3885 480 3965; x_wconf 76' lang='grc' dir='ltr'><em>περὶ</em></span> <span class='ocrx_word' id='word_1_284' title='bbox 513 3883 775 3964; x_wconf 80' lang='grc' dir='ltr'><em>τορντρεσβείοος,</em></span> <span class='ocrx_word' id='word_1_285' title='bbox 807 3883 888 3946; x_wconf 84' lang='lat' dir='ltr'>facta</span> <span class='ocrx_word' id='word_1_286' title='bbox 917 3887 995 3958; x_wconf 83' lang='lat' dir='ltr'>erat3</span> <span class='ocrx_word' id='word_1_287' title='bbox 1026 3883 1149 3965; x_wconf 69' lang='lat'>§2772</span> <span class='ocrx_word' id='word_1_288' title='bbox 1180 3885 1217 3954; x_wconf 77' lang='grc' dir='ltr'>ὡς</span> 
     </span>
     <span class='ocr_line' id='line_1_33' title="bbox 130 3991 1218 4074; baseline -0.002 -18"><span class='ocrx_word' id='word_1_289' title='bbox 130 3994 186 4068; x_wconf 77' lang='grc' dir='ltr'>ἐγὼ</span> <span class='ocrx_word' id='word_1_290' title='bbox 216 3999 271 4057; x_wconf 78' lang='grc' dir='ltr'>τῶν</span> <span class='ocrx_word' id='word_1_291' title='bbox 304 3993 503 4073; x_wconf 81' lang='grc' dir='ltr'><em>πρεσβυτέρων</em></span> <span class='ocrx_word' id='word_1_292' title='bbox 525 3994 628 4058; x_wconf 65' lang='lat' dir='ltr'>duodo.</span> <span class='ocrx_word' id='word_1_293' title='bbox 655 3995 736 4056; x_wconf 76' lang='lat'><strong>280:</strong></span> <span class='ocrx_word' id='word_1_294' title='bbox 760 3993 785 4056; x_wconf 82' lang='grc' dir='ltr'>οἱ</span> <span class='ocrx_word' id='word_1_295' title='bbox 809 3991 839 4055; x_wconf 78' lang='grc' dir='ltr'>δέ</span> <span class='ocrx_word' id='word_1_296' title='bbox 861 4014 935 4062; x_wconf 75' lang='grc' dir='ltr'><em>τινες</em></span> <span class='ocrx_word' id='word_1_297' title='bbox 959 3993 1053 4055; x_wconf 76' lang='grc' dir='ltr'><em>αὐτῶν</em></span> <span class='ocrx_word' id='word_1_298' title='bbox 1077 3991 1144 4074; x_wconf 74' lang='grc' dir='ltr'>(τῶν</span> <span class='ocrx_word' id='word_1_299' title='bbox 1166 4014 1218 4054; x_wconf 83' lang='grc' dir='ltr'><em>κοι-</em></span> 
     </span>
     <span class='ocr_line' id='line_1_34' title="bbox 130 4099 1218 4187; baseline -0.003 -22"><span class='ocrx_word' id='word_1_300' title='bbox 130 4102 333 4181; x_wconf 77' lang='grc' dir='ltr'><em>τοοννρούντονν</em></span> <span class='ocrx_word' id='word_1_301' title='bbox 352 4102 555 4186; x_wconf 70' lang='grc' dir='ltr'><em>Ἐπικράτους)</em></span> <span class='ocrx_word' id='word_1_302' title='bbox 578 4101 620 4168; x_wconf 84' lang='grc' dir='ltr'>ἔτι</span> <span class='ocrx_word' id='word_1_303' title='bbox 645 4101 757 4182; x_wconf 79' lang='grc' dir='ltr'><em>ζῶντες.</em></span> <span class='ocrx_word' id='word_1_304' title='bbox 781 4139 827 4151; x_wconf 88' lang='lat'><em>-</em></span> <span class='ocrx_word' id='word_1_305' title='bbox 849 4101 1006 4187; x_wconf 82' lang='lat' dir='ltr'>Epicrates</span> <span class='ocrx_word' id='word_1_306' title='bbox 1030 4101 1095 4184; x_wconf 91' lang='lat' dir='ltr'>ipse</span> <span class='ocrx_word' id='word_1_307' title='bbox 1118 4122 1136 4162; x_wconf 88' lang='lat' dir='ltr'>a</span> <span class='ocrx_word' id='word_1_308' title='bbox 1158 4099 1218 4163; x_wconf 91' lang='lat' dir='ltr'>De-</span> 
     </span>
     <span class='ocr_line' id='line_1_35' title="bbox 131 4211 1216 4297; baseline -0.001 -24"><span class='ocrx_word' id='word_1_309' title='bbox 131 4211 289 4274; x_wconf 86' lang='lat' dir='ltr'>mosthene</span> <span class='ocrx_word' id='word_1_310' title='bbox 313 4212 426 4276; x_wconf 88' lang='lat' dir='ltr'>dioitur</span> <span class='ocrx_word' id='word_1_311' title='bbox 448 4215 475 4297; x_wconf 65' lang='lat' dir='ltr'>(p</span> <span class='ocrx_word' id='word_1_312' title='bbox 499 4214 575 4296; x_wconf 77' lang='lat'>277)</span> <span class='ocrx_word' id='word_1_313' title='bbox 597 4214 667 4289; x_wconf 72' lang='grc' dir='ltr'><em>οὶνὴρ</em></span> <span class='ocrx_word' id='word_1_314' title='bbox 693 4212 845 4284; x_wconf 74' lang='grc' dir='ltr'><em>σπουδαῖος</em></span> <span class='ocrx_word' id='word_1_315' title='bbox 873 4212 922 4276; x_wconf 78' lang='lat' dir='ltr'>aul</span> <span class='ocrx_word' id='word_1_316' title='bbox 950 4211 1050 4276; x_wconf 73' lang='grc' dir='ltr'><em>πολλοὶ</em></span> <span class='ocrx_word' id='word_1_317' title='bbox 1071 4211 1216 4291; x_wconf 73' lang='grc' dir='ltr'><em>χρήσιμος</em></span> 
     </span>
     <span class='ocr_line' id='line_1_36' title="bbox 131 4319 1215 4402; baseline -0.001 -18"><span class='ocrx_word' id='word_1_318' title='bbox 131 4330 170 4402; x_wconf 70' lang='grc' dir='ltr'>τῇ</span> <span class='ocrx_word' id='word_1_319' title='bbox 203 4321 285 4386; x_wconf 77' lang='grc' dir='ltr'><em>πόλει</em></span> <span class='ocrx_word' id='word_1_320' title='bbox 317 4322 365 4385; x_wconf 75' lang='lat' dir='ltr'>acl</span> <span class='ocrx_word' id='word_1_321' title='bbox 397 4328 453 4386; x_wconf 77' lang='grc' dir='ltr'>τῶν</span> <span class='ocrx_word' id='word_1_322' title='bbox 483 4323 516 4385; x_wconf 80' lang='grc' dir='ltr'>ἐκ</span> <span class='ocrx_word' id='word_1_323' title='bbox 546 4325 683 4401; x_wconf 80' lang='grc' dir='ltr'><em>Πενροοοῶς</em></span> <span class='ocrx_word' id='word_1_324' title='bbox 706 4320 942 4398; x_wconf 73' lang='grc' dir='ltr'><em>κοοτοογοογόντυν</em></span> <span class='ocrx_word' id='word_1_325' title='bbox 964 4321 1012 4385; x_wconf 77' lang='grc' dir='ltr'>τὸν</span> <span class='ocrx_word' id='word_1_326' title='bbox 1035 4320 1142 4399; x_wconf 74' lang='grc' dir='ltr'><em>δῆμον,</em></span> <span class='ocrx_word' id='word_1_327' title='bbox 1166 4319 1215 4384; x_wconf 75' lang='lat' dir='ltr'>uel</span> 
     </span>
    </p>
   </div>
   <div class='ocr_carea' id='block_1_3' title="bbox 0 0 1504 5234">
    <p class='ocr_par' dir='ltr' id='par_1_4' title="bbox 0 0 1504 5234">
     <span class='ocr_line' id='line_1_37' title="bbox 0 0 1504 5234; baseline 0 0"><span class='ocrx_word' id='word_1_328' title='bbox 0 0 1504 5234; x_wconf 95' lang='lat' dir='ltr'> </span> 
     </span>
    </p>
   </div>
  </div>
 </body>
</html>
