2958 5238
786 473 845 534 lac

274 676 408 759 captiosa
428 698 594 759 proponere
611 686 802 759 argumenta,
822 675 933 759 quibus
949 675 1015 738 laus
1032 674 1135 738 callidi
1151 674 1284 739 oratoris
1301 694 1360 734 uon

273 785 460 849 subvertitur
467 812 477 862 3
502 785 588 869 peius
612 793 674 862 est,
700 786 725 848 si
749 796 928 870 argumenta
951 808 1013 849 non
1037 793 1099 848 tam
1123 785 1201 848 nihil
1227 783 1363 868 probant

275 895 492 981 prudentibus,
518 918 610 980 quam
630 895 765 979 intellegi
786 919 845 958 non
867 906 997 979 possunt
1013 895 1050 959 ab
1066 896 1119 973 iis,
1138 896 1252 981 quibus
1270 894 1363 956 desti·

273 1015 345 1070 nata
372 1013 459 1081 sunt,
484 1029 539 1069 nec
564 1014 688 1090 apparet
712 1028 789 1089 qnae
813 1005 879 1069 laus
904 1006 944 1068 sit
968 1006 1126 1069 tenuitatis
1148 1005 1316 1090 Lysiacae,
1340 1004 1364 1066 si

275 1119 475 1203 perspicuitas
498 1117 585 1180 absit.

320 1230 358 1293 In
381 1227 499 1313 reliqua
523 1230 650 1292 oratoris
674 1228 931 1292 demonstratione
954 1252 1016 1293 non
1040 1228 1143 1292 statim
1171 1228 1293 1312 ubique
1318 1249 1366 1288 ne·

275 1364 330 1404 11111
354 1348 487 1424 apparet.
536 1340 585 1403 lta
607 1343 623 1424 q
650 1343 687 1402 12
712 1340 814 1403 subito
838 1342 972 1403 narratio
996 1341 1183 1416 instituitur,
1207 1336 1365 1422 quomodo

230 1450 233 1457 ’
276 1452 405 1515 affinitas
423 1450 648 1536 Nicophemum
664 1452 744 1514 inter
761 1457 791 1514 et
806 1459 923 1536 patrem
941 1452 1069 1515 oratoris
1085 1451 1161 1514 inita
1178 1456 1277 1514 esset:
1297 1453 1367 1526 πρῶ·

275 1587 322 1626 τον
352 1563 405 1638 μὲν
437 1559 500 1643 οὖν,
531 1556 551 1642 ᾧ
582 1561 675 1641 τρόπῳ
705 1562 839 1635 κηδεσταὶ
861 1565 941 1640 ’ἡμῖν
972 1563 1117 1645 ἐγένοντο,
1146 1561 1250 1636 διδάξω
1278 1561 1364 1636 ὑμᾶς.
1397 1590 1409 1627 t

235 1684 239 1689 ’
277 1673 345 1736 Hoc
376 1673 475 1757 primo
506 1672 544 1735 ad
574 1694 696 1735 causam
727 1672 871 1734 interesse
899 1695 1006 1756 parurn
1031 1673 1159 1737 videtur.
1207 1671 1269 1735 Sed.
1294 1669 1364 1732 dnm

277 1784 414 1868 pergitur
444 1782 612 1859 narrando,
646 1792 770 1867 apparet
802 1782 977 1846 affinitatem
1008 1806 1076 1848 cum
1110 1782 1306 1868 Nicophemo
1337 1789 1365 1841 et

278 1893 483 1977 Aristophane
506 1915 567 1956 non
592 1893 762 1976 quaesitam
776 1916 850 1956 >esse
873 1902 997 1979 propter
1013 1895 1145 1958 divitias.
1185 1896 1294 1980 Atque
1311 1894 1365 1956 hoc

278 2012 341 2068 erat
356 2003 434 2067 illud
452 2003 532 2088 quod
551 2003 789 2068 animadvertere
805 2005 1000 2089 potissimum
1015 2028 1123 2091 operae
1139 2007 1276 2091 pretium
1293 2011 1364 2068 erat.

277 2115 424 2179 Similiter
455 2117 588 2180 sectione
620 2119 658 2178 18
682 2138 744 2212 non
768 2117 890 2180 disertis
916 2117 1012 2180 verbis
1038 2117 1150 2181 dicitur
1173 2140 1234 2181 non
1259 2116 1365 2203 proba·

279 2225 339 2290 bile
374 2248 438 2290 esse
474 2227 640 2312 quidquam
676 2227 913 2313 Aristophanem
949 2229 1027 2312 patri
1063 2229 1190 2292 oratoris
1226 2229 1363 2301 dedisse,

279 2346 399 2403 tantum
430 2360 492 2401 non
522 2361 663 2421 magnam
695 2338 948 2402 consuetudinem
978 2341 1057 2403 inter
1086 2348 1250 2424 utrumque
1274 2342 1364 2404 iuter·

278 2450 419 2526 cessisse,
444 2449 525 2513 unde
549 2449 624 2534 quid
648 2459 854 2534 consequatur
876 2451 1084 2536 colligendum
1107 2451 1302 2516 auditoribus
1323 2470 1360 2511 re·

277 2562 401 2646 linquit.
430 2560 569 2624 Sectione
592 2564 652 2624 st:
677 2561 725 2626 κννὶ
749 2565 779 2627 οὐ
802 2578 936 2642 apertos.
961 2588 988 2628 κ.
1005 2589 1033 2628 τ.
1051 2565 1070 2627 ἑ.
1087 2563 1145 2627 hcc
1161 2564 1228 2627 volt
1243 2569 1361 2626 orator:

279 2674 305 2736 si
336 2672 427 2736 simul
458 2673 629 2756 computari
660 2681 800 2756 possent,
845 2695 928 2756 quae
957 2674 1015 2737 sibi
1046 2672 1139 2758 Cypri
1168 2670 1364 2736 reservaverit

279 2784 506 2869 Nicophemus,
532 2783 624 2847 etiam
647 2784 747 2847 minus
771 2784 933 2848 discrimen
957 2792 1114 2870 appareret
1136 2785 1216 2847 inter
1231 2780 1362 2847 Cononis

279 2903 310 2959 et
333 2894 547 2979 Aristophanis
572 2894 660 2957 bona.
694 2894 752 2958 Sed
777 2895 882 2973 verba,
909 2905 943 2958 ut
966 2918 1048 2959 nunc
1072 2896 1232 2979 leguntur,
1260 2895 1297 2958 ad
1318 2891 1362 2954 de

279 3005 512 3070 monstrandum
541 3004 703 3069 admodum
740 3006 883 3089 ambigua
911 3014 991 3069 sunt.
1038 3005 1142 3089 unget
1169 3006 1262 3069 etiam
1285 3007 1301 3090 q
1325 3002 1360 3064 52

280 3140 314 3183 eo
338 3117 531 3202 potissimum
556 3117 623 3180 loco
647 3117 780 3200 positum
804 3117 917 3182 ἔπέντνν.

324 3228 465 3311 Denique
488 3227 654 3291 tenendum
678 3237 771 3311 puto,
796 3227 822 3290 si
845 3229 906 3291 vim
923 3249 1010 3290 suam
1027 3228 1154 3290 sectioni
1171 3229 1212 3288 28
1231 3234 1362 3291 constare

280 3339 424 3416 velimus,
449 3361 570 3402 necesse
595 3361 659 3402 esse
682 3339 841 3402 credamus
865 3339 956 3422 paulo
981 3350 1049 3422 post
1066 3337 1235 3401 discessum
1253 3338 1362 3400 Aristo-

281 3449 412 3534 phanem
444 3449 622 3514 damnatum
654 3473 728 3513 esse.
775 3450 915 3514 Sectione
949 3452 1077 3512 19-26
1110 3448 1362 3512 demonstraverat

282 3560 520 3644 Aristophanem
552 3561 589 3624 ad
625 3561 768 3646 Cypriam
805 3562 1027 3646 expeditionem
1065 3560 1202 3643 undique
1227 3559 1362 3624 sumsisse

279 3673 439 3756 pecuniam
463 3681 612 3735 mutuam.
653 3672 720 3736 Hoc
737 3682 897 3756 postquam
915 3671 1092 3736 testimonio
1107 3671 1239 3734 firmavit
1255 3667 1360 3754 pergit:

278 3782 320 3848 ὅτι
348 3785 401 3859 μὲν
428 3784 519 3847 τοίνυν
549 3787 579 3846 οὐ
606 3783 807 3847 κατέλιπεν
831 3783 1041 3862 Ἀριστοφάνης
1065 3780 1195 3859 ἀργύριον
1219 3783 1282 3846 οὐδὲ
1300 3801 1361 3860 ypa-

277 3896 352 3976 or'ov,
384 3895 472 3977 ῥᾴδιον
504 3899 609 3970 ararat
640 3896 677 3957 ἐκ
708 3899 772 3957 τῶν
801 3895 989 3971 εἰρημένων
1012 3892 1072 3957 xci
1096 3885 1361 3972 μεμαρτυρημέ-

276 4030 347 4069 νων.
386 4005 449 4068 Ubi
483 4026 651 4068 sermonem
684 4027 747 4068 esse
770 4004 813 4073 de
844 4005 881 4067 iis
912 4025 990 4088 quae
1021 4002 1152 4065 moriens
1175 4003 1359 4087 reliquisset,

280 4125 406 4201 apparet
429 4139 465 4179 ex
489 4116 699 4199 sequentibus
746 4116 820 4178 Tam
845 4116 990 4199 exignum
1012 4115 1158 4199 temporis
1175 4114 1360 4177 intervallum

283 4229 379 4312 igitur
401 4228 613 4292 intercesserat
636 4237 671 4292 nt
693 4229 725 4292 in
750 4250 872 4291 censum
897 4227 1014 4290 veniret
1034 4225 1114 4288 nihil
1136 4246 1257 4288 necesse
1274 4229 1360 4296 esset,

283 4338 366 4422 quod
389 4340 481 4402 etiam
503 4346 584 4402 recte
608 4340 748 4402 convenit
775 4361 844 4401 cnm
866 4340 882 4422 q
906 4341 957 4401 43.
1001 4340 1102 4420 Atque
1125 4337 1197 4400 hinc
1221 4332 1362 4416 intellegi·

283 4456 335 4512 tur
366 4473 401 4512 ex
429 4450 547 4515 duabus
572 4450 815 4536 expeditionibus
839 4450 871 4513 in
895 4448 1028 4532 Cyprum
1053 4448 1218 4531 susceptis,
1243 4447 1280 4510 de
1304 4445 1361 4528 qni·
