2994 5234
814 394 876 453 198

295 593 505 669 ἐξαιτήσονται.
552 587 683 651 Nullam
711 586 922 651 difficultatem
954 588 1079 652 haberet
1107 589 1274 652 infinitivus
1295 611 1371 673 epex-

295 701 431 786 egeticus
456 700 574 783 positus
598 706 669 785 post
691 695 766 778 ἀπερ
790 700 838 780 (ex
852 697 978 774 multis,
996 699 1021 761 si
1038 700 1118 762 tanti
1141 706 1204 776 est,
1229 700 1264 762 of.
1286 699 1372 761 Thus.

296 811 322 876 Ι.
350 811 454 893 lid),
485 808 546 870 nisi
578 806 733 871 accederet
763 807 887 884 αὐτούς,
917 808 1000 891 quod
1024 830 1085 893 quo
1108 809 1143 873 in
1165 808 1296 893 generali
1318 831 1375 871 sen·

295 919 393 984 tentia
428 917 592 994 referatur,
624 938 686 979 uon
717 924 859 1001 apparet;
891 916 917 978 si
946 920 1012 988 τσὺς
1043 919 1212 998 φεύγοντας
1243 927 1295 981 aut
1320 918 1378 988 τοὺς

293 1028 408 1100 οἰκείους
438 1027 607 1111 legaretur,
639 1047 728 1088 nemo
752 1025 900 1089 haereret.
947 1026 1007 1091 Sed
1034 1027 1133 1090 leuior
1156 1037 1203 1091 est
1225 1027 1378 1103 mediriua3

295 1137 460 1223 legendum
489 1135 570 1204 τοὺς
605 1136 753 1206 αἰτίους.
784 1172 831 1184 -
861 1134 940 1199 Seot.
979 1140 1019 1199 13
1056 1159 1111 1222 pro
1150 1139 1315 1212 αἰτήσονται
1346 1137 1382 1199 le-

293 1248 427 1332 gendum
451 1251 527 1329 puto
551 1242 763 1318 ἐξαιτήσονται.
811 1242 877 1307 Νοο
900 1254 1003 1310 movet
1025 1269 1074 1310 me
1098 1245 1303 1312 Nioomaohea
1327 1249 1343 1331 p
1364 1249 1380 1309 3

297 1357 363 1422 νιίτε
386 1364 442 1421 τῶν
466 1351 658 1428 αἰτησομένων
681 1353 780 1423 οὐδείς.
827 1351 999 1437 Utrobique
1021 1354 1054 1431 ἐξ
1081 1356 1239 1420 omissum.
1280 1356 1333 1432 Ἐξ
1359 1363 1384 1419 et

298 1466 322 1530 δι
351 1488 405 1550 per
435 1461 650 1546 compendium
678 1462 791 1546 scripta
824 1463 869 1526 ita
892 1471 965 1527 suut
988 1463 1100 1527 similia
1123 1473 1159 1528 ut
1183 1466 1234 1528 vix
1257 1466 1385 1550 dignosci

301 1574 421 1660 possint
428 1599 437 1650 3
469 1572 528 1635 hoo
558 1571 583 1634 δι
614 1570 724 1635 deinde
758 1572 904 1636 omissum
940 1580 987 1637 est
1022 1574 1105 1658 quod
1140 1597 1205 1637 non
1241 1575 1385 1658 intellege

301 1684 401 1748 batur.

343 1795 360 1877 p
385 1794 435 1855 ll.
482 1792 659 1868 Praeterea,
684 1791 804 1875 inquit,
829 1792 987 1875 probabile
1011 1803 1057 1856 est
1080 1793 1204 1857 eosdem
1228 1794 1317 1857 etiam
1343 1813 1383 1854 aa·

300 1910 454 1966 cusatores
475 1908 651 1964 exoraturos
672 1921 735 1963 esse
755 1901 936 1986 (δεήσεσθαι).
971 1902 1070 1965 Paulo
1093 1909 1163 1986 post
1185 1905 1203 1987 p
1228 1905 1284 1964 15:
1308 1905 1382 1976 ἡμεῖς

301 2012 354 2088 μὲν
383 2010 474 2074 τοίνυν
504 2012 554 2073 οὐκ
585 2009 814 2082 ήθελήσαμεν
849 2010 996 2086 προδοῦναι
1028 2033 1133 2073 rursus
1165 2011 1203 2075 de
1233 2011 1332 2074 eadem
1357 2031 1385 2072 re

302 2131 450 2205 tanquam
482 2119 645 2203 praeterita
676 2139 773 2181 sermo
805 2125 868 2195 est,
899 2119 954 2183 ubi
976 2120 1054 2182 ratio
1078 2121 1263 2205 postularet:
1287 2123 1335 2184 οὐκ
1354 2119 1385 2182 ἀν

303 2232 502 2306 ἐθελήσαιμεν.
549 2226 608 2291 Sed
640 2227 745 2290 eadem
775 2228 836 2291 fero
867 2228 901 2291 iu
931 2227 1139 2293 Nioomaohea
1167 2233 1265 2315 §35:
1290 2234 1385 2306 ἡμεῖς

302 2343 366 2419 μὲν
397 2338 515 2404 τοίνυν
545 2340 606 2401 οὐκ
637 2339 864 2415 ήθελήσαμεν
896 2337 950 2402 ὑπά
973 2341 1081 2404 τούτου
1100 2340 1260 2417 ἀξιούμενοι
1282 2340 1386 2411 πεισθή-

302 2476 366 2532 aar,
390 2449 445 2513 ubi
467 2447 631 2531 praecessit
653 2448 670 2530 p
693 2451 753 2510 34:
778 2448 879 2511 πολλά
895 2430 1038 2522 δεηθέντες
1057 2455 1114 2514 τῶν
1129 2450 1295 2530 κατηγόρων
1312 2452 1386 2524 ήμάς

302 2562 356 2638 μὲν
385 2560 517 2637 οὐδαμῶς
548 2557 707 2622 ἔπεισαν.
754 2558 840 2622 Haeo
862 2560 977 2642 igitur,
1002 2559 1045 2623 ibi
1069 2568 1158 2645 apta,
1183 2561 1216 2623 in
1240 2550 1393 2644 Epicrates

304 2671 404 2735 alieno
427 2669 495 2733 looo
517 2670 632 2732 inserta
654 2676 737 2732 suut.

347 2782 365 2864 p
389 2782 439 2842 15.
487 2782 571 2856 ήμεῑς
597 2780 651 2857 μὲν
677 2780 768 2844 τοίνυν
791 2783 841 2843 οὐκ
864 2781 1046 2858 ἠθελήσαμεν
1070 2780 1236 2860 προδοῦναι,
1260 2779 1384 2854 ἀξιοῦμεν

304 2889 334 2953 δὲ
356 2888 425 2964 μηδ’
450 2889 546 2964 ὑμάς,
571 2887 809 2965 ἐνθυμουμένους,
822 2887 875 2952 ’ὅτι
896 2888 997 2969 σφσθρ
1022 2887 1058 2952 ἀν
1082 2893 1150 2966 ήμῑν
1174 2889 1320 2969 ὠργίζεσθε
1343 2886 1383 2950 καί

305 2996 499 3077 ἐτιμωρεῖσθε,
525 2992 608 3060 ὅπου
631 2995 925 3078 παρεπίπτομεν,
953 3000 995 3068 ὡς
1022 2998 1118 3069 εἰκὸς
1141 2998 1222 3069 τοὺς
1245 2998 1386 3060 ἀδικοῦν·

306 3128 391 3179 τας,
423 3105 446 3166 εί
470 3107 555 3179 ἡμεῖς
582 3105 664 3183 παρά
690 3103 833 3179 τοιίτσινή
858 3106 1006 3184 χρήματα
1027 3106 1172 3182 λαβόντες
1199 3108 1215 3181 ή
1240 3104 1320 3185 ἀλλην
1341 3101 1383 3168 τινί

307 3216 401 3295 τρόπῳ
439 3213 653 3291 διηλλάγημεν.
700 3214 904 3278 Marklaudus
944 3216 1143 3293 παραπίπτειν
1181 3216 1383 3299 iuterpretatur

304 3330 413 3408 portes
436 3331 553 3388 σινοίατο
560 3348 571 3400 ,·
598 3324 707 3387 melius
735 3324 843 3408 utique
866 3323 1026 3387 Reiskius:
1050 3331 1083 3388 ν’νι
1104 3346 1211 3389 monus
1234 3331 1382 3388 ι’νισνιννονσ.

308 3432 366 3496 Sed
391 3454 489 3515 neque
513 3430 582 3497 daron
605 3440 687 3496 reete
711 3455 743 3495 se
765 3433 877 3497 habere
900 3439 1015 3517 potest,
1043 3455 1143 3518 neque
1166 3433 1284 3497 fortuiti
1307 3430 1382 3517 signi·

307 3544 425 3620 ficatio,
459 3564 537 3626 quae
567 3543 647 3605 inest
677 3543 709 3605 in
741 3543 832 3606 verbo
864 3544 1081 3623 παραπίπτειν,
1106 3549 1177 3627 apta
1200 3551 1260 3620 est,
1290 3566 1327 3606 ue
1351 3539 1382 3603 di·

308 3678 374 3720 cam
396 3654 543 3738 languida
570 3653 735 3716 admodum
766 3676 832 3717 esse
860 3675 938 3736 quae
970 3660 1155 3737 sequuntur:
1179 3655 1216 3723 ὡς
1239 3650 1380 3725 stoderda

308 3768 491 3835 ἀδικοῦντας.
537 3762 667 3846 Scripsit
688 3763 816 3826 fortasse
835 3760 911 3835 ὅπως
933 3765 1157 3840 περιεπίπτομεν
1181 3758 1221 3832 οἷς
1240 3762 1312 3833 stade
1333 3761 1381 3827 τοὺς

308 3877 501 3950 ἀδικοῦντας,
526 3874 633 3956 utique
657 3874 730 3937 satis
753 3874 888 3938 verbose.

352 3988 369 4069 d
394 3988 444 4047 16.
491 3983 542 4046 καί
569 3985 629 4065 μή,
664 3982 757 4063 ὥσπερ
788 3986 817 4047 ἐν
847 3986 887 4064 τῷ
919 3984 989 4051 τέως
1018 3982 1110 4063 χρόνῳ
1141 3982 1286 4059 εἰθισμένοι
1317 3974 1378 4047 ε’στί,

309 4094 425 4158 ἐπειδάν
448 4091 729 4171 καταψηφισάμενοι
752 4090 928 4168 ἐξελέγξητε
948 4093 1013 4163 τοὺς
1037 4092 1223 4167 ἀδικοῦντας,
1251 4092 1280 4154 ἕν
1298 4092 1334 4169 τῷ
1349 4107 1379 4148 τε

308 4203 427 4282 μήματι
457 4200 595 4282 ἀζημίους
624 4201 741 4282 ἀφίετε.
788 4201 861 4266 Νοιι
892 4204 966 4266 satis
989 4224 1134 4285 assequor
1158 4201 1234 4285 quid
1259 4199 1378 4262 Dobreus

309 4315 367 4379 hae
390 4312 587 4376 annotatione
611 4309 757 4374 voluerit:
782 4314 853 4388 „aul
878 4314 920 4389 μή
943 4310 1036 4392 ὥσπερ
1056 4350 1101 4359 -
1124 4313 1173 4375 είθ.
1197 4313 1263 4376 ε’στὲ
1283 4308 1378 4392 ἀφίετε·
