2958 5238
626 470 666 530 81

110 693 205 754 neque
228 670 315 735 abeat
337 670 485 754 quaedam
509 669 671 734 accusandi
694 670 861 747 calliditas,
886 694 981 755 quum
1006 696 1066 757 quo
1090 677 1188 740 acrius
1268 654 1276 677 .

109 780 272 858 vellicaret,
296 782 457 847 manifesto
473 789 615 866 corrupta
629 783 689 846 iam
705 790 774 847 tum
789 782 955 848 emendatis
972 789 1187 871 praeposuerit.

109 894 144 957 ln
174 915 209 957 eo
241 894 331 978 plane
358 895 434 958 mihi
457 894 598 958 convenit
621 916 691 958 cum
714 894 783 973 illo,
808 895 890 980 quod
914 897 1102 980 prooemium
1125 922 1189 963 ora·

107 1006 213 1085 tionis,
249 1007 413 1070 sectionem
448 1007 467 1066 2
503 1005 713 1091 potissimum,
749 1005 912 1070 obscurum
935 1006 1068 1085 iudicat;
1093 1009 1187 1074 nimio

108 1117 206 1182 studio
238 1118 416 1182 artificiosae
447 1117 647 1202 oppositionis
676 1118 721 1181 ita
750 1126 852 1182 orator
882 1126 1038 1185 contortus
1067 1129 1129 1199 est,
1153 1129 1190 1186 nt

107 1230 285 1294 sententiam
308 1251 396 1314 aegre
419 1229 589 1313 expisceris.
637 1229 682 1292 De
704 1229 831 1313 reliquis
854 1253 950 1315 pauca
973 1231 1048 1297 haec
1071 1240 1191 1297 notasse

107 1342 224 1406 sufficit.
271 1340 410 1406 Sectione
442 1342 482 1405 al
514 1339 632 1423 ἄταφον
655 1348 744 1405 ποιεῖν
766 1367 832 1406 τινα
856 1342 963 1406 eodem
985 1344 1052 1407 iure
1077 1343 1190 1408 dicitnr

108 1477 164 1539 quo
186 1453 413 1530 ἀποστράτηγον
436 1458 523 1516 ποιεῖν
546 1477 611 1517 τινα
634 1451 734 1536 (Dem.
753 1455 803 1517 23.
825 1456 904 1531 149,
925 1456 1000 1539 154)
1016 1463 1047 1518 et
1061 1457 1189 1538 coyata

108 1565 198 1650 (Heu.
223 1563 280 1629 IV.
308 1568 336 1627 1.
360 1566 421 1640 40,
446 1562 517 1648 Lys.
546 1565 595 1626 18.
618 1566 680 1647 64).
704 1562 840 1649 Lysiasq'
856 1566 892 1630 17
908 1567 1030 1632 εἰωθέναι
1044 1589 1190 1651 usurpare

108 1685 239 1762 poterat,
273 1675 326 1740 sed
357 1698 412 1760 pro
443 1697 526 1740 more
543 1697 612 1738 suo
644 1676 758 1742 εἰθίσθαι
789 1679 910 1762 posuit,
936 1678 1028 1742 semel
1052 1685 1189 1756 tantum,

108 1797 255 1874 quantum
285 1788 346 1850 scio
380 1788 421 1870 (3.
447 1788 517 1871 28),
541 1786 626 1871 prius
653 1787 819 1871 perfectum
844 1787 945 1852 habet.
984 1791 1065 1875 §53
1089 1791 1191 1856 εἴασαν
1242 1838 1245 1841 -

109 1900 234 1972 αὐτοὺς
265 1898 401 1963 θτεοιθεῖν
433 1919 504 1960 sane
535 1896 614 1960 male
637 1897 769 1975 dictum3
795 1899 979 1982 quantillum
1003 1908 1104 1965 tamen
1128 1910 1192 1966 erat

109 2009 245 2073 Heckero
273 2009 347 2073 haec
374 2006 559 2071 emendasse.
594 2009 611 2092 q
635 2009 675 2070 86
700 2007 901 2083 ἐξαιτήσονται
924 2008 1088 2095 legendum
1112 2013 1192 2077 vide·

108 2128 169 2197 tur;
201 2120 241 2184 el.
273 2119 312 2184 ad
339 2141 382 2184 or.
407 2121 448 2182 80
474 2122 533 2203 (et,
558 2127 594 2184 ut
621 2128 729 2205 sponte
751 2120 957 2205 intellegitur,
980 2130 1033 2197 τῆς
1057 2125 1192 2191 τούτων

111 2236 191 2314 τον).
227 2234 245 2317 q
275 2234 316 2294 88
348 2231 438 2310 τέρας
468 2232 547 2312 ἔχειν
578 2232 651 2302 τινθτ
683 2254 737 2316 pro
761 2232 918 2298 exclusum
945 2256 1010 2298 esse
1033 2234 1136 2318 aliqua
1158 2259 1190 2300 re

109 2364 166 2406 nou
193 2364 339 2428 graecum
369 2351 415 2405 est
422 2367 431 2417 3
460 2340 577 2424 aliquid
600 2341 675 2405 latet
697 2341 799 2421 aliud;
824 2342 932 2408 dubito
956 2346 1046 2408 etiam
1070 2344 1107 2408 de
1130 2346 1192 2410 ατί-

112 2478 174 2526 μονς
198 2463 253 2528 τῆς
277 2453 387 2523 πόλεως
409 2452 594 2525 κατέστασαν
616 2454 632 2537 d
656 2455 712 2530 21,
737 2475 806 2517 nam
828 2463 881 2529 τῆς
897 2452 1006 2527 πόλεως
1023 2478 1094 2519 sane
1110 2478 1192 2541 pror-

27 2555 33 2577 ⁸
112 2587 155 2627 sus
185 2572 284 2629 vacat.
330 2562 525 2647 Quamquam
556 2564 588 2627 in
617 2564 791 2628 istiusmodi
821 2566 910 2631 rebus
943 2568 1082 2633 cautione
1106 2577 1192 2633 uten-

112 2674 179 2740 dum
209 2684 303 2763 puto,
341 2676 394 2759 qui
429 2676 520 2739 sciam
550 2675 659 2760 Lysiae
688 2675 748 2740 alia
778 2699 901 2762 quoque
931 2681 1004 2743 satis
1028 2676 1191 2744 insolentia
1271 2718 1274 2723 ·

112 2785 254 2864 adscribi,
286 2808 364 2870 quae
392 2794 495 2850 tamen
518 2786 695 2871 corrigenda
717 2808 779 2851 non
803 2789 881 2864 sint,
906 2789 990 2853 velut
1013 2790 1190 2871 μετατορεθ·

112 2899 185 2962 εσθαι
208 2899 315 2978 ἔχθραν
338 2920 394 2982 pro
416 2899 628 2979 μετέρχεσθαι,
654 2901 705 2961 31.
732 2901 750 2959 2
775 2907 805 2962 et
827 2899 941 2964 ibidem
964 2905 984 2964 4
1003 2902 1120 2982 ἀπειρία
1137 2923 1191 2986 pro

111 3007 246 3087 μέγεθος,
266 3015 302 3073 ut
332 3033 348 3072 a
380 3009 526 3093 suspectis
558 3010 745 3074 orationibus
770 3011 947 3076 abstineam.
995 3012 1075 3076 Mihi
1098 3014 1191 3077 tantis

112 3119 272 3185 virtutibus
295 3119 440 3184 excellere
463 3119 585 3185 videtur
608 3122 705 3185 oratio
728 3122 760 3185 in
784 3121 1029 3201 Eratosthenem,
1043 3129 1105 3187 tam
1125 3146 1193 3187 nar·

11 3296 14 3307 ,
111 3230 232 3295 rationis
250 3231 430 3311 evidentia,
467 3254 558 3315 quam
589 3231 857 3296 demonstrationis
881 3233 1050 3298 subtilitate
1073 3241 1104 3298 et
1127 3257 1192 3298 sen·

10 3424 11 3431 ¹
112 3341 271 3406 tentiarnm
302 3342 468 3427 gravitate,
500 3350 536 3406 ut
560 3365 653 3427 quum
678 3351 837 3429 propterea
859 3342 1017 3429 Lysiacam
1041 3345 1188 3423 iudicem,

113 3451 136 3512 si
157 3474 217 3537 que
240 3452 436 3538 probabilitas
460 3452 711 3539 palaeographica
735 3454 913 3518 ostendatur
930 3457 1117 3520 emendanda
1132 3458 1188 3536 sit,

114 3583 169 3626 non
190 3571 337 3647 tanquam
359 3563 458 3627 foetus
481 3562 663 3628 subditicius
687 3564 874 3649 exponenda.

153 3675 169 3758 b
188 3678 216 3739 5.
240 3675 336 3741 ἐπειδὴ
352 3675 375 3738 θ’
393 3676 417 3739 οἱ
437 3674 589 3754 τριακοντα
609 3675 717 3756 πονήσει
734 3675 787 3754 μὲν
806 3676 855 3740 καὶ
868 3678 1050 3759 σνκοφοθνται
1062 3678 1138 3751 ὄντες
1150 3682 1190 3753 εἷς

116 3786 161 3860 τὴν
188 3788 281 3869 ἀρχὴν
308 3787 509 3870 κατέστησαν,
534 3786 699 3868 φάσκοντες
722 3788 751 3853 δὲ
774 3797 879 3869 χρῆναι
902 3795 957 3854 τῶν
980 3790 1083 3854 αδίκων
1108 3790 1189 3874 (fort.

116 3895 287 3982 οἱθικοθντων)
312 3899 440 3978 καθαρθιν
463 3907 579 3972 τοιῆσαι
603 3901 654 3974 τὴν
678 3901 761 3966 πόλιν
783 3900 832 3964 καὶ
856 3902 920 3973 τοὺς
940 3903 1055 3974 λσιτοὺς
1067 3903 1190 3976 πολίτας

117 4007 159 4069 ἐκ)
180 4009 279 4089 αἱρετὴν
303 4009 351 4073 καὶ
375 4008 551 4083 δικαιοσύνην
574 4011 732 4088 τραπέσθαι
756 4009 787 4094 (l.
812 4011 1016 4092 προτρέπεσθαι
1028 4035 1099 4078 cum
1111 4015 1192 4100 Kay-

118 4122 188 4203 sero)
217 4121 266 4184 aul
290 4126 412 4185 τοιαῦτα
430 4119 566 4197 λέγοντες
585 4124 616 4186 οὐ
635 4129 759 4188 τοιαῦτα
771 4130 859 4187 ποιεῖν
871 4124 1016 4205 ε’τθλιοιον,
1028 4128 1065 4197 ὡς
1077 4128 1134 4203 ἐγὼ
1146 4166 1190 4177 -

119 4229 174 4307 περὶ
202 4236 256 4295 τῶν
287 4230 426 4311 ὑμετέρων
458 4231 561 4315 (ὑμᾶς)
590 4233 756 4309 ἀναμνῆσαι
788 4234 970 4315 πειράσομαι.
1017 4237 1099 4302 Fieri
1129 4263 1190 4303 nou

121 4348 227 4420 potest,
251 4350 287 4406 ut
310 4341 339 4405 u
362 4349 431 4424 post
453 4335 616 4419 Φοίσκοντες
641 4345 775 4428 positum
798 4345 906 4429 iungat
929 4349 1037 4427 τοννιοὶ
1061 4350 1137 4421 ὄντες
1162 4361 1192 4415 et

121 4453 291 4530 Φθσκοντες,
315 4452 398 4536 quod
422 4453 579 4537 apparebit
601 4455 627 4517 si
651 4442 725 4519 liaeo
747 4458 779 4519 in
802 4466 914 4522 rectam
939 4461 1107 4525 orationem
1124 4485 1193 4526 con·

1052 4577 1072 4633 6
