3002 5240
622 487 663 546 25

111 686 237 748 novisset
261 686 411 750 orationes
434 685 544 770 Lysiae
567 693 597 749 et
609 687 640 749 iu
662 685 836 749 universum
855 683 995 748 meliores
1011 707 1103 768 quam
1118 706 1183 748 nos.

150 795 220 860 Non
245 799 343 862 maius
367 798 531 862 discrimen
555 806 600 862 est
622 798 701 862 inter
724 805 878 860 auctorem
898 796 1011 881 dialogi
1027 796 1064 859 de
1080 795 1187 859 Orato-

110 908 186 971 ribus
210 917 241 972 et
265 906 422 986 Tacitum,
446 931 537 993 quam
561 908 641 973 inter
663 907 717 971 has
741 930 816 991 quas
839 906 966 992 legimus
990 908 1141 971 orationes
1156 914 1186 971 et

109 1018 261 1084 Eroticnm
284 1021 316 1084 in
339 1020 477 1085 Platonis
500 1020 656 1097 Phaedro,
681 1041 772 1104 quem
795 1028 867 1083 sunt
890 1019 943 1103 qui
966 1018 1075 1103 Lysiae
1090 1018 1186 1104 ipsius

111 1154 167 1194 esse
190 1140 311 1216 putent.
359 1132 418 1197 Sed
442 1142 591 1196 oratorem
615 1139 684 1196 ante
710 1131 898 1209 marchiam,
922 1153 1019 1216 quum
1040 1132 1072 1194 in
1095 1129 1186 1195 Italia

110 1250 238 1306 versatos
270 1251 301 1306 et
328 1243 457 1308 Athenis
489 1244 639 1308 orationes
670 1242 812 1307 iuridicas
843 1242 911 1306 aliis
933 1263 995 1306 non
1024 1241 1185 1318 scriberet,

110 1354 157 1418 sed
183 1355 389 1439 sophistarum
414 1364 512 1419 castra
534 1365 728 1438 sequeretur,
752 1352 843 1438 longe
867 1353 956 1418 aliam
980 1352 1185 1436 eloquentiam

108 1464 248 1542 coluisse,
274 1487 365 1550 quam
385 1473 510 1550 ⁴postea,
535 1487 588 1551 per
610 1487 642 1528 se
665 1463 820 1549 probabile
836 1471 881 1527 est
896 1472 925 1527 et
945 1471 1090 1528 testatum
1106 1464 1186 1527 inve-

108 1577 202 1639 nimus
226 1599 245 1640 a
268 1576 488 1661 Theophrasto.
535 1575 594 1641 Sed
617 1575 797 1640 iuvenilium
822 1575 1015 1639 conaminum
1033 1575 1065 1638 in
1081 1583 1186 1638 nostra

109 1687 217 1772 sylloge
248 1711 347 1752 unum
375 1690 503 1753 fortasse
525 1687 738 1752 tantummodo
761 1694 860 1751 exstat
882 1686 1033 1771 specimen
1057 1688 1111 1768 (or.
1137 1688 1183 1770 8),

109 1809 135 1863 et
161 1800 328 1885 Dionysius
360 1823 395 1863 ex
426 1822 462 1863 ea
491 1806 589 1863 setate
613 1798 691 1864 nihil
713 1804 822 1863 notatu
845 1797 974 1883 dignum
997 1797 1133 1881 putarit,
1158 1797 1185 1859 si

108 1910 191 1974 modo
222 1911 340 1995 aliquid
368 1912 478 1996 legerit
484 1936 493 1987 ;
522 1917 718 1974 memorasset
748 1909 854 1995 procul
885 1908 979 1974 dubio
1006 1909 1079 1972 vitia
1101 1907 1185 1971 illios

109 2022 284 2106 antiquioris
311 2022 446 2087 rationis.
494 2021 646 2102 Quocirca
669 2021 706 2086 de
730 2043 765 2086 ea
787 2022 886 2106 priore
909 2028 994 2105 parte
1018 2019 1184 2105 disputatio
1256 2062 1260 2069 -

109 2131 268 2197 admodum
291 2133 406 2197 incerto
429 2131 555 2197 tibicine
577 2132 695 2197 nititur.
735 2131 801 2195 Nos
825 2131 948 2216 quidem
968 2127 1185 2215 inpraesentia

108 2241 155 2305 illa
168 2242 383 2327 disquisitione
398 2243 490 2307 missa
506 2264 702 2328 properamus
719 2242 757 2306 ad
773 2243 923 2306 orationes
939 2241 1026 2307 nobis
1043 2249 1184 2306 servatas.

518 2470 536 2505 Ι

540 2632 744 2643 -υι-ιι-ι

173 2949 217 3015 Π.
268 2947 501 3013 ΑΝΝΟΤΑΤΑ
532 2948 590 3014 AD
622 2947 832 3013 SINGULAS
862 2947 1111 3014 ORATIONES.

291 3170 312 3213 l.
338 3177 409 3215 ΤΠΕΡ
431 3178 485 3216 Tor
506 3178 724 3217 ΕΡΑΤΟΣΘΕΝΟΤΣ
744 3179 837 3216 ΦΟΝΟΤ
849 3178 998 3216 ΑΠοΛοΙῚΑ.

148 3356 370 3444 Perspicuitate
400 3369 430 3424 et
462 3361 612 3426 evidentia
636 3362 817 3426 narrationis
841 3384 903 3426 una
925 3360 958 3425 in
982 3361 1086 3446 paucis
1111 3363 1184 3426 haec

109 3469 198 3532 oratio
230 3471 369 3550 excellit3
398 3495 453 3536 nec
484 3473 572 3537 facile
603 3474 671 3557 quis
702 3473 839 3551 dubitet,
871 3473 945 3558 quin
969 3495 1111 3557 germana
1134 3473 1182 3537 sit.

109 3574 203 3644 Pauca
238 3583 333 3667 igitur
356 3593 426 3647 sunt
450 3596 504 3648 aut
527 3584 725 3663 illustranda,
750 3592 803 3648 aut
826 3583 1031 3660 defendenda,
1056 3592 1110 3647 aut
1134 3584 1185 3647 de-

109 3688 195 3774 nique
218 3692 416 3760 emendanda.

148 3801 215 3884 qb.
249 3811 357 3884 πρῶτον
388 3807 440 3883 μὲν
463 3803 508 3871 οὖν
531 3845 575 3855 -
598 3806 705 3872 cinthio
728 3807 792 3871 ἐστι
814 3831 862 3885 μοι
885 3807 1017 3878 διπλοῦν,
1040 3807 1092 3872 loc
1115 3805 1183 3886 ἔχιν

110 3912 146 3974 ab
166 3913 221 3979 o'rao
244 3923 316 3988 τοῖς
339 3917 434 3993 cedre,
458 3918 556 3982 narb
578 3920 630 3993 rhu
649 3926 906 3996 γυναικωνῖτιν
925 3918 986 3983 rori
1006 3919 1102 3983 ιιιιτιὶ
1121 3918 1183 3990 τὴν

110 4021 312 4098 ἀνδρωνῖτιν.
359 4028 427 4093 Nisi
458 4037 610 4115 postrema
641 4029 731 4095 verba
761 4052 851 4094 sensu
882 4052 966 4094 cassa
997 4052 1061 4093 esse
1090 4029 1183 4107 velis,

112 4136 299 4203 statuendum
323 4151 384 4217 est,
409 4151 471 4205 tam
494 4143 629 4207 virorum
653 4165 746 4228 quam
760 4143 924 4207 mulierum
939 4142 1080 4207 conclave
1096 4140 1181 4204 binas

112 4241 245 4313 habuisse
276 4251 534 4336 contignationes3
564 4275 659 4336 quum
689 4253 764 4318 dicit
787 4255 882 4319 κιιτδι
904 4279 932 4318 τ.
956 4277 988 4329 γ.
1013 4252 1062 4316 ccl
1087 4253 1183 4315 ιιιιτιὶ

111 4378 134 4416 r.
155 4359 185 4422 ol.
209 4358 358 4443 significat
380 4362 412 4427 in
436 4385 557 4447 quaque
580 4372 665 4449 parte
688 4365 781 4428 luisse
804 4365 934 4445 ὑπερῷον.
968 4363 1092 4428 Solebat
1106 4384 1183 4426 uxor

112 4463 140 4528 in
155 4471 389 4554 gynaeconitidis
405 4475 559 4559 superiore
574 4476 801 4561 contignatione
817 4485 1008 4563 pemoctcre;
1025 4484 1097 4539 nato
1113 4495 1182 4538 vero
1283 4529 1285 4533 ,
