2994 5234
634 526 696 586 195

112 729 208 797 „turc
239 722 302 783 siut
326 720 489 804 stipendia.
537 720 672 784 istarum
696 729 800 784 autem
823 724 1015 808 rapinarum]
1040 725 1146 787 odium
1169 725 1205 787 ed

112 852 191 907 „vos
217 831 313 907 redit,
338 830 459 894 lucrum
483 829 521 893 od
544 830 652 893 istoc.'’
698 830 767 894 Hoc
789 830 921 895 voluisse
938 834 1041 917 potius
1058 842 1209 897 oratorem

113 948 209 1024 puto:
246 940 447 1005 nihilomiuus
476 941 546 1024 (etsi
578 961 631 1003 vos
654 941 923 1026 condemnavistis)
946 950 1139 1007 cunctante
1164 950 1211 1006 est

114 1048 341 1145 stipendiorum
365 1050 477 1133 (μισθοῦ
501 1052 742 1123 ἕκαλκσιαστικσῦ
766 1051 961 1134 potissimum
985 1059 1016 1115 et
1032 1053 1209 1136 δικαστικσῦ)

115 1160 263 1243 penuria,
287 1167 324 1222 ut
346 1159 480 1243 populus
506 1159 675 1243 [indigeat,
700 1160 754 1222 isti
776 1160 887 1224 divites
911 1162 988 1246 sint]
1013 1169 1044 1226 et
1059 1162 1211 1237 dedecus,

113 1269 182 1331 rell.
218 1268 343 1332 Excidit
365 1268 483 1333 πένεται
504 1291 564 1351 quo
584 1269 677 1333 verbo
696 1269 729 1332 in
747 1270 840 1333 simili
856 1293 887 1334 re
902 1272 1002 1334 utitur
1020 1275 1071 1337 12.
1089 1277 1126 1350 o;
1143 1281 1210 1337 tum

113 1378 191 1445 σῦτσι
214 1379 244 1442 δὲ
266 1385 456 1454 πλουτοῦσιν,
481 1387 535 1442 sut
558 1379 658 1442 simile
681 1379 766 1462 quid.
814 1379 862 1444 Of.
886 1382 903 1464 d
927 1384 964 1444 9:
988 1379 1062 1447 οὗτοι
1081 1384 1135 1460 μὲν
1150 1385 1210 1461 νας

113 1491 146 1553 ἔκ
165 1489 294 1561 πενήτων
315 1487 443 1551 πλούσια
462 1488 621 1564 γεγόνασιν
641 1489 743 1553 ἐκτῶν
761 1488 918 1569 ὑμετέρων,
942 1492 1024 1565 ὑμεῖς
1043 1492 1072 1555 δὲ
1088 1493 1134 1556 διὰ
1146 1492 1210 1558 τού-

113 1622 181 1669 τους
204 1595 335 1671 πένητες.
383 1596 431 1658 De
454 1595 523 1658 eliis
546 1597 778 1674 conaminibus,
804 1619 883 1679 quae
906 1597 983 1661 mihi
1006 1599 1131 1682 quidem
1155 1602 1209 1664 mi·

114 1710 198 1771 nime
223 1706 432 1784 satisfaciunt,
458 1706 598 1770 videatur
621 1706 743 1770 Scheib.

159 1819 230 1902 pt.
277 1817 387 1882 drrdrcr
417 1814 493 1882 οὗτοι
525 1817 575 1881 καὶ
606 1819 630 1881 ol
657 1818 766 1882 τούτων
789 1819 870 1894 λόγον
893 1818 1007 1884 δοκῶσιν
1030 1818 1113 1885 αἴτιοι
1137 1817 1208 1885 εἶναι

114 1930 290 2007 ψηφιεῖσθαι
320 1929 398 2002 ὑμᾶς
424 1929 507 2005 παραὶ
533 1927 567 1991 τὸ
592 1927 717 2001 δίκαιον,
738 1927 836 2007 ῥᾳδίως
860 1929 943 2007 παρὰ
965 1933 1021 1992 τῶν
1039 1928 1209 1993 αδικσύντων

14 2104 15 2107 ,
114 2038 264 2116 χρήματα
297 2036 510 2112 λαμβάνουσιν.
557 2035 699 2099 Dobreus
730 2036 769 2098 od
799 2035 883 2100 clrior
915 2033 984 2100 εἶναι
1015 2040 1208 2116 ψηφιεῖσθαι,

115 2168 201 2225 „uon
225 2154 356 2222 temere,
381 2146 499 2228 inquit,
524 2145 724 2208 mutandum:
749 2145 836 2208 when
859 2144 968 2229 people
992 2157 1117 2230 expect,
1140 2148 1208 2210 that

117 2256 213 2340 „they
247 2254 309 2317 will
342 2275 431 2317 cause
461 2276 540 2337 you,
573 2253 651 2316 etc.’'
698 2252 758 2317 Sed
780 2252 829 2330 id,
853 2253 914 2316 nisi
936 2253 1043 2331 fallor,
1067 2263 1147 2319 esset
1169 2256 1210 2319 δα

14 2388 16 2407 ¹
120 2372 205 2430 κῶσιν
237 2364 322 2428 αἴτιοι
353 2364 513 2444 ἔσεσθαι,
543 2388 571 2426 κ.
603 2388 631 2428 τ.
663 2363 686 2427 ἕ.
733 2360 805 2425 Non
829 2371 906 2446 puto
929 2361 1004 2425 alibi
1026 2362 1115 2427 αἴτιον
1137 2360 1208 2428 εἶναι

120 2497 189 2538 cum
214 2474 320 2536 futuro
343 2472 487 2535 infinitivi
509 2472 614 2554 iungi3
639 2479 720 2534 certe
742 2494 781 2535 ne
805 2470 887 2554 apud
909 2470 1121 2555 Thucydidem
1144 2473 1209 2555 qui·

120 2584 207 2661 dem,
241 2582 297 2666 qui
326 2582 448 2666 saepius
478 2579 621 2660 ἐφετμαὶ,
657 2581 753 2643 veluti
786 2580 970 2659 διανοοῦμαι,
1003 2603 1073 2645 cum
1105 2582 1210 2645 futuro

15 2738 17 2759 ,
119 2692 237 2777 iungit,
275 2692 333 2755 hoc
363 2691 519 2754 invenitur
549 2712 605 2754 nec
635 2691 666 2753 iu
698 2711 810 2774 magno
843 2713 972 2754 numero
1003 2692 1210 2775 exemplorum

119 2825 210 2887 quem
235 2802 388 2884 congessit
410 2800 546 2883 Madvig.
563 2800 648 2864 Bem.
665 2823 695 2883 p.
714 2802 755 2861 65
772 2807 836 2862 not.
868 2799 1002 2882 Requiro
1017 2800 1208 2883 ψηφίζεσθαι.

121 2910 199 2974 Cum
221 2910 395 2974 accusativo
415 2917 446 2972 et
463 2909 615 2972 infinitivo
632 2908 821 2972 construitur
833 2906 922 2972 clrior
934 2905 1005 2973 εἶναι
1020 2907 1100 2972 Plat.
1113 2908 1207 2973 Lech.

16 3068 18 3071 -
124 3024 198 3084 191.
216 3020 258 3083 C:
284 3020 342 3097 ἐγὼ
362 3018 452 3089 αἴτιος
472 3021 514 3095 μὴ
533 3025 630 3089 καλῶς
650 3043 684 3083 σε
703 3018 910 3095 ἀποκρίνασθαι
927 3025 957 3081 et
972 3041 1064 3103 supra
1082 3021 1133 3081 19.
1152 3020 1203 3081 51.

163 3131 180 3213 d
203 3132 233 3192 3.
280 3129 372 3192 καίτοι
395 3108 462 3191 τίνα
483 3130 542 3207 χρὴ
565 3127 672 3191 ἐλπίδα
691 3127 771 3206 ἔχειν
786 3127 945 3206 σωτηρίας,
967 3125 1076 3189 ὁπόταν
1091 3129 1121 3190 ἑν
1137 3127 1209 3205 χρή·

119 3262 209 3313 μασιν
240 3234 257 3319 ᾖ
288 3236 337 3299 καὶ
368 3237 489 3309 σωθῆναι
512 3237 565 3309 τὴν
590 3235 674 3298 πόλιν
697 3234 746 3297 καὶ
771 3235 814 3310 μή
839 3234 889 3317 (cf.
917 3235 967 3296 12.
993 3236 1052 3311 26,
1079 3236 1132 3296 25.
1159 3236 1210 3318 8),

119 3351 218 3410 ταῦτα
240 3347 264 3409 δ’
288 3342 379 3419 οὗτοι,
403 3345 539 3425 φύλακες
563 3343 616 3422 ὑφ’
637 3344 714 3418 ὑμῶν
734 3341 960 3419 καταστάντες,
981 3343 1006 3407 αἱ
1021 3344 1213 3408 τῶναδικσύν-

120 3480 175 3519 των
196 3455 361 3528 κολασταί,
386 3454 535 3519 κλέπτωσί
557 3479 591 3517 τε
614 3453 664 3517 καὶ
681 3452 947 3533 καταδωροδοκῶσι;
964 3452 1003 3516 In
1019 3452 1067 3515 his
1083 3451 1210 3536 perinde

122 3570 167 3625 est
189 3572 295 3627 utrum
319 3584 390 3626 cum
414 3561 591 3646 Hirschigio
614 3561 852 3633 κατασταθέντες
875 3565 949 3646 (quo
972 3584 1035 3625 non
1060 3583 1155 3645 opus,
1174 3562 1212 3626 cf.

17 3664 19 3683 ’
121 3671 213 3737 Isocr.
241 3676 271 3740 7.
299 3675 340 3733 62
365 3674 416 3744 τίιν
445 3673 499 3736 ὑπὸ
526 3679 581 3737 τῶν
605 3673 981 3753 circumcurrentem
1006 3678 1036 3735 et
1060 3671 1149 3753 alie),
1175 3693 1214 3734 an

122 3803 188 3846 cum
221 3783 345 3846 chreo
376 3783 400 3845 σὶ
431 3782 566 3861 Φύλακες
594 3782 694 3867 legas,
721 3805 760 3845 an
783 3782 942 3866 vulgatam
966 3789 1071 3845 tueare
1078 3807 1087 3857 3
1111 3788 1215 3844 manet

95 3908 98 3911 ·
124 3892 201 3954 euim
232 3890 397 3956 difficultas
429 3890 520 3967 haec,
548 3891 631 3974 quod
655 3891 694 3955 de
717 3891 900 3956 custodibus
925 3893 1028 3975 agitur
1051 3900 1082 3955 et
1104 3891 1215 3954 malefi-

124 4020 224 4064 corum
257 3999 430 4064 vindicibus
459 4005 607 4085 opopulo
632 4008 752 4067 crectis.
799 4000 864 4081 Qui
887 4001 1021 4081 Φύλακες
1046 4001 1216 4084 significen-

125 4117 176 4172 tur
195 4133 285 4175 nemo
309 4110 429 4174 dixerit.
476 4112 702 4193 Νσμσφωλακων
725 4118 861 4196 potestas
885 4111 1050 4174 admodum
1075 4111 1215 4173 restricta

126 4226 203 4295 erat3
226 4227 293 4285 tum
316 4244 355 4285 ne
380 4229 482 4306 potest
505 4222 628 4304 quidem
652 4223 789 4303 Φύλακες
813 4221 892 4286 illud
916 4222 1056 4285 absolute
1080 4221 1215 4305 positum

127 4326 163 4390 de
185 4327 232 4391 his
253 4330 411 4413 intellegi,
437 4331 582 4414 quoniam
605 4335 637 4394 ἐκ
661 4337 715 4395 τῶν
738 4330 988 4413 συμφραζομένων
1012 4335 1120 4413 sponte
1147 4351 1217 4414 sug-

128 4436 240 4516 geritur
269 4441 355 4504 uotio
387 4430 547 4525 pecuniae.¹
593 4441 636 4502 At
667 4441 720 4523 qui
744 4448 818 4504 suut
839 4441 976 4520 φύλακες
1000 4444 1055 4503 τῶν
1078 4438 1216 4515 δημοσίων

1037 4552 1095 4609 13*
