3002 5240
675 456 716 518 21

154 653 457 739 interpolationibus.
494 654 563 718 Soio
583 654 705 719 difficile
729 677 792 718 esse
815 654 932 733 dicere,
957 655 1032 741 quid
1055 656 1181 721 humani
1195 657 1239 721 in-

155 766 238 850 genii
270 767 348 830 acies
378 765 412 830 in
443 773 598 851 posterum
627 767 659 830 in
691 766 737 829 his
769 766 964 831 emendandis
995 767 1108 831 efficere
1131 769 1236 852 possit.

153 877 211 941 Sed
244 885 315 962 post
344 878 457 942 multas
487 879 654 943 multorum
684 878 927 956 lucubrationes,
960 880 992 943 in
1022 879 1133 963 quibus
1165 902 1236 964 prae

153 989 281 1074 reliquia
304 989 461 1055 Dobreum
483 998 513 1054 et
536 990 687 1055 Gobctum
709 991 858 1055 nominari
882 1013 936 1076 par
951 998 1013 1070 est,
1031 998 1152 1055 tantum
1167 1013 1236 1055 con-

152 1100 239 1164 stitui
264 1107 384 1186 potest,
408 1103 441 1167 in
464 1102 570 1166 multis
594 1125 656 1166 non
679 1102 814 1167 sufficere
837 1125 925 1188 posse
948 1103 1072 1167 criticen
1096 1102 1236 1167 emcnda-

151 1211 276 1288 tricem,
301 1220 337 1275 nt
360 1235 558 1297 agnoscamus
581 1211 704 1298 Lysiam
728 1235 814 1290 eum,
839 1213 926 1277 cuius
949 1212 1054 1277 laudes
1070 1221 1135 1277 tota
1150 1235 1233 1298 prae·

151 1322 231 1386 dicet
255 1323 436 1409 antiquit-as.
473 1322 505 1386 Si
528 1323 677 1409 ampullas
700 1324 904 1388 inveniremus
927 1331 957 1387 et
980 1324 1110 1409 ineptias
1134 1323 1246 1396 theto„

150 1434 242 1511 ricas,
267 1457 426 1519 possemus
448 1433 608 1500 Platonem
632 1437 675 1520 (in
698 1434 850 1520 Phaedro)
866 1442 897 1499 et
911 1435 1157 1521 Theophrastum
1173 1435 1232 1520 (ap.

151 1543 241 1609 Dion.
268 1545 289 1608 l.
314 1540 335 1609 l.
360 1568 386 1610 c.
413 1549 466 1631 14)
481 1548 651 1633 antestari,
677 1553 712 1611 ut
736 1553 893 1633 appareret
909 1547 1046 1633 quamvis
1063 1545 1233 1631 improban-

151 1654 241 1734 dum,
266 1663 370 1721 tamen
392 1657 476 1721 hunc
499 1681 564 1722 esse
587 1665 736 1723 oratorem
758 1658 863 1736 illum,
880 1681 971 1742 quem
988 1656 1034 1720 illi
1050 1657 1231 1721 describant.

151 1765 241 1831 Nunc
266 1791 337 1833 vero
359 1767 450 1854 longe
473 1770 583 1835 accidit
605 1793 700 1835 secus.

192 1878 253 1943 Sed
278 1902 339 1945 non
363 1888 484 1945 tantum
507 1883 622 1947 falsarii
644 1906 700 1945 nos
723 1881 837 1947 ludunt
860 1889 890 1945 et
913 1881 1045 1959 librarii,
1071 1879 1231 1945 sedetiam

150 1991 200 2054 alii
222 1992 416 2077 corruptelae
438 1994 541 2078 generi
554 1994 621 2058 bae
644 1993 795 2058 orationes
818 1993 972 2077 expositae
995 1992 1128 2057 fuerunt.
1161 1989 1232 2077 Epi-

150 2109 251 2167 tomen
285 2127 377 2168 unam
407 2112 558 2191 receptam
586 2105 680 2169 fuisse
712 2104 974 2189 (Theomnesteam
997 2103 1133 2187 alteram)
1157 2102 1231 2167 vidi-

149 2236 233 2292 mus;
259 2237 333 2279 casu
355 2215 483 2295 accidit,
507 2225 543 2280 ut
566 2218 682 2294 oratio,
707 2238 785 2301 quae
807 2216 839 2279 in
861 2215 1014 2301 epitomen
1029 2213 1151 2278 redacta
1161 2230 1228 2291 est,

148 2324 234 2389 nobis
259 2332 377 2390 servata
400 2327 449 2391 sit.
485 2326 544 2391 Sed
567 2327 633 2392 fieri
648 2333 803 2413 praeterea
817 2332 934 2412 potest,
958 2333 993 2390 ut
1008 2324 1158 2389 breviaria
1172 2323 1230 2410 Ly-

149 2435 235 2500 siacis
260 2435 366 2500 addita
389 2437 467 2519 sint,
492 2459 622 2522 quorum
645 2436 823 2518 apardrvrra
845 2436 1025 2501 interierint.
1061 2434 1099 2498 Id
1123 2435 1229 2519 proba·

148 2544 206 2611 bile
230 2547 307 2612 adeo
330 2556 385 2613 est.
418 2549 456 2613 In
480 2549 588 2631 iisdem
604 2550 684 2614 enim
699 2548 906 2627 orationibus,
924 2570 1001 2633 quae
1017 2547 1099 2612 locos
1114 2545 1229 2610 habent-

100 2666 102 2679 *
149 2655 242 2722 bonos
268 2667 359 2745 atque
379 2659 531 2746 insignes,
548 2660 701 2725 defectum
717 2659 986 2725 animadvertimus
1002 2658 1226 2733 cohaerentiae,

149 2775 182 2830 ut
210 2769 330 2833 omissis
362 2771 558 2856 compagibus
589 2771 697 2850 lateat,
729 2793 784 2836 cur
812 2771 934 2857 singula
956 2770 1150 2856 proferantur
1175 2768 1225 2852 (cf.

149 2877 185 2942 ad
207 2887 283 2944 orat.
311 2883 348 2947 17
375 2888 405 2945 ct
430 2883 495 2965 18),
516 2890 583 2946 tum
599 2882 659 2946 alia
674 2882 944 2968 deprehenduntur
960 2881 1152 2967 epitomatori
1167 2901 1228 2944 ma-

148 2990 191 3073 gis
221 2992 345 3076 propria
376 3014 468 3077 quam
496 2992 631 3058 librario.
677 2992 724 3058 Of.
750 2992 855 3058 ador.
882 2995 922 3055 22
947 2992 1004 3057 sub
1021 2992 1042 3056 f.
1067 2998 1097 3056 et
1121 2991 1160 3056 ad
1183 2993 1225 3055 23

149 3101 203 3167 sub
226 3103 247 3167 f.
273 3112 303 3167 et
326 3103 365 3166 ad
390 3105 428 3168 17
454 3103 521 3167 init.

190 3213 318 3278 Graiam
350 3214 445 3299 igitur
474 3214 624 3279 iacturam
647 3214 728 3301 passi
751 3214 905 3290 videmur;
930 3234 992 3276 non
1015 3219 1135 3276 tanturn
1158 3233 1226 3296 spu·
1260 3205 1263 3211 ’

150 3322 207 3387 riae
238 3348 293 3410 pro
324 3327 475 3411 germanis
498 3327 552 3391 sed
576 3328 667 3391 etiam
689 3326 836 3391 breviaria
860 3347 915 3411 pro
938 3322 1127 3389 orationibus
1150 3323 1226 3386 iute-

152 3434 208 3515 gris
229 3436 318 3501 nobis
341 3438 446 3502 relicta
469 3445 549 3502 sunt.
597 3437 753 3503 Habemus
776 3444 895 3514 tamen,
918 3434 1001 3521 quod
1020 3434 1109 3499 nobis
1125 3442 1226 3520 gratu-

151 3540 243 3610 lemur
250 3596 259 3625 ,
284 3550 366 3633 quod
389 3573 426 3614 ex
449 3559 536 3615 tanto
559 3551 718 3636 naufragio
741 3557 821 3614 certe
837 3548 986 3633 quaedam
1001 3546 1074 3611 satis
1089 3547 1225 3631 integrae

151 3655 291 3743 reliquiae
321 3663 408 3727 nobis
426 3670 574 3734 ¹servatae
606 3671 692 3740 sunt3
717 3661 771 3726 sed
795 3661 843 3726 his
867 3682 928 3745 quo
951 3660 1048 3745 magis
1073 3657 1223 3733 delector,

151 3772 230 3832 tanto
260 3774 355 3858 magis
387 3775 524 3841 offendor
551 3775 741 3861 'reliquarum
770 3775 883 3839 naevis.
919 3772 1011 3854 Quod
1043 3773 1068 3837 si
1093 3777 1225 3835 statuen-

152 3873 220 3942 dum
242 3890 304 3960 est,
327 3886 415 3950 nobis
439 3909 522 3951 nunc
544 3909 605 3950 non
630 3886 702 3961 satis
727 3886 764 3950 de
787 3885 898 3949 virtute
920 3884 1138 3949 nonnullarum
1160 3905 1224 3947 ora-

152 3981 278 4072 tionum,
303 4019 380 4081 quae
404 3996 465 4060 sint
485 3996 646 4082 Lysiacae,
664 3996 798 4061 iudicare
813 3992 921 4072 licere,
938 3995 1081 4080 quoniam
1098 4016 1221 4071 causae,
1251 3984 1266 4025 ⁴·

119 4156 122 4163 .
152 4095 186 4160 td
207 4123 279 4185 quas
302 4107 505 4192 pertinuerint
527 4097 637 4193 partim
660 4129 716 4170 nos
732 4107 864 4184 lateant,
881 4105 1054 4171 desinamus
1071 4112 1150 4170 certe
1165 4106 1220 4169 has

152 4213 287 4296 tauquam
305 4220 425 4283 Atticae
449 4219 640 4305 eloquentiae
656 4219 820 4305 specimina
835 4218 986 4283 admirari.
1011 4218 1162 4305 Equidem
1176 4219 1220 4283 in-

152 4317 251 4388 iuriam
272 4327 347 4392 mihi
371 4329 468 4394 facere
492 4329 608 4395 viderer·
630 4331 746 4395 meritis
770 4331 916 4408 oratoris,
941 4331 966 4393 si
989 4330 1044 4394 has
1068 4329 1219 4395 orationes

155 4435 270 4521 egregiis
292 4442 496 4508 monumentis
520 4442 586 4509 eiua
609 4443 724 4530 ingenii
746 4443 981 4531 aequipararem.
