2994 5234
785 457 850 517 181

275 656 343 717 0011.
375 657 408 738 §q
439 657 476 729 3,
512 657 569 731 10,
600 658 639 716 23
666 655 744 716 banc
768 654 935 716 orationem
960 654 992 715 in
1016 650 1171 730 δοκιμασίᾳ
1194 650 1284 712 fuisse
1304 649 1354 710 ha·

274 767 388 841 bitem,
414 771 444 826 01
468 772 657 827 accusatores
681 764 830 847 prodiisse
855 784 905 825 eos
930 763 1032 846 ipsos,
1058 781 1191 844 quorum
1205 759 1356 843 impuden-

275 876 350 937 tiam
382 876 414 937 in
444 881 510 936 tota
533 873 719 938 democratia
740 876 757 957 1
781 874 821 934 25
848 895 912 956 sqq.
938 872 1127 955 perstringat
1150 876 1265 933 orator:
1287 867 1357 952 11111-

276 1006 402 1066 genem‚
435 982 685 1065 Demopbanem‚
717 981 917 1045 Clisthenem.
965 980 1095 1043 Omissis
1127 980 1209 1043 enim
1235 976 1357 1060 reliquo·

276 1116 345 1157 rum
369 1091 607 1174 demagogorum
631 1090 823 1164 nominibus,
845 1090 900 1152 hos
926 1089 1007 1152 solos
1022 1089 1208 1165 insectatur,
1226 1085 1357 1170 quamvis

277 1200 398 1264 obscuri
421 1200 598 1282 ceteroquin
622 1207 732 1262 essent.
781 1197 862 1261 Nam
887 1199 924 1261 de
948 1197 1107 1261 Clisthene
1129 1203 1250 1260 tautum
1266 1193 1359 1278 possit

277 1311 391 1394 ambigi
410 1311 488 1373 sitne
511 1309 646 1371 famosus
670 1308 722 1371 ille
746 1308 907 1392 pathicus,
932 1330 1023 1390 quem
1045 1307 1166 1391 saepius
1182 1305 1360 1390 perstringat

280 1419 501 1503 Aristophanes
525 1418 595 1501 (iam
619 1418 651 1480 in
675 1417 808 1479 Acheru.
837 1415 1152 1492 1110100011.
1174 1396 1359 1492 maschot.

280 1533 332 1592 Ar.
365 1528 442 1591 Rau.
468 1529 542 1610 48),
567 1527 718 1610 Epigenes
743 1532 823 1588 certe
847 1532 877 1589 et
901 1526 1116 1610 Demopbanes
1140 1524 1248 1608 ignoti.
1272 1523 1361 1585 Pecu·

280 1638 364 1701 liaris
387 1638 483 1720 igitur
505 1657 597 1698 causa
619 1636 713 1698 fuisse
737 1634 876 1711 videtur,
902 1656 957 1697 cur
980 1635 1036 1698 bos
1061 1635 1256 1719 potissimum
1279 1631 1361 1712 elige·

282 1754 336 1810 ret.
372 1744 482 1827 Itaque
505 1766 584 1826 quae
605 1745 622 1826 d
646 1746 686 1806 19
711 1743 874 1826 leguntur:
898 1739 937 1814 οἷς
961 1745 1043 1819 ὑμεῖς
1060 1743 1135 1806 πολὺ
1152 1740 1362 1818 drvbramo'rspor

282 1852 437 1918 arcredotr'
468 1853 485 1926 ἢ
516 1852 641 1933 τούτοις,
669 1846 695 1914 ol
716 1851 878 1933 φεύγοντες
903 1851 956 1927 μὲν
982 1852 1052 1933 (sub
1076 1851 1180 1934 XXX)
1204 1851 1240 1914 a’
1261 1848 1362 1927 ἑτέρους

281 1963 443 2036 ἐσώθησαν,
479 1958 717 2030 κατελθόντες
753 1960 787 2023 δὲ
823 1965 1067 2036 συκοφαντεῖν
1105 1962 1361 2038 ἐπι-χειροῦσιν,

282 2070 404 2134 eosdem
426 2070 496 2132 illos
520 2070 617 2146 viros,
643 2068 735 2152 paulo
760 2076 829 2132 ante
853 2070 1165 2153 (125)]11011010100,
1183 2087 1365 2131 nuncaceu·

282 2186 397 2243 satores
419 2180 568 2263 respicere
590 2178 743 2242 videntur.

326 2289 398 2353 Iure
428 2288 588 2365 1101511115,
622 2289 773 2365 defensio,
804 2289 924 2373 inquit,
949 2289 1086 2373 egregia,
1113 2288 1287 2363 luculenta,
1311 2285 1366 2368 Ly·

285 2401 348 2462 siae
377 2398 501 2462 nomine
525 2397 713 2481 dignissima.
760 2398 883 2461 Dobreo
907 2397 1068 2461 videbatur
1091 2397 1166 2460 haec
1189 2397 1285 2460 oratio
1308 2418 1366 2458 om-

283 2510 370 2572 nium
402 2507 598 2591 Lysiacarum
630 2508 754 2591 optima.
802 2506 857 2584 „Si
889 2508 1027 2591 scripsit,
1060 2507 1146 2570 addit
1169 2506 1268 2583 idem,
1291 2505 1365 2569 male

285 2617 345 2695 „de
369 2639 399 2678 so
423 2615 530 2699 Lysias
554 2616 719 2693 iudicavit,
744 2616 800 2700 qui
822 2625 915 2680 tenue
938 2638 1035 2701 genus
1059 2623 1255 2701 sequeretur,
1275 2636 1366 2698 quum

284 2725 430 2811 „grandis
455 2732 486 2787 01
509 2726 651 2809 copiosus
674 2748 739 2788 esse
762 2733 873 2809 posset.
922 2726 1025 2789 Pauca
1049 2733 1137 2802 sunt,
1153 2748 1233 2808 quae
1249 2723 1367 2808 quidem

284 2835 408 2911 „adhuc
431 2836 575 2918 legerim,
601 2835 658 2900 hoc
674 2836 844 2919 fragmento
861 2834 1101 2919 splendidiora.'’
1125 2835 1188 2899 Vix
1204 2842 1278 2920 puto
1294 2831 1366 2897 serio

285 2944 323 3007 de
347 2950 470 3007 auctore
486 2945 627 3008 dubitare
642 2945 816 3022 Dobreum,
833 2967 905 3008 nam
920 2945 994 3008 alibi
1010 2967 1132 3028 quoque
1150 2944 1262 3028 Lysiae
1277 2942 1366 3007 oratio

284 3054 417 3136 insurgit
437 3075 605 3136 nervosque
622 3054 730 3131 babet,
750 3061 785 3118 ut
803 3055 835 3117 in
851 3078 894 3118 or.
907 3058 1021 3119 dommo
1037 3054 1115 3138 (adv.
1125 3052 1367 3133 Theomnestum)

286 3170 316 3225 et
348 3160 523 3226 duodecima
543 3161 592 3244 (dc
616 3161 708 3225 caede
731 3163 917 3246 Eratosth.);
942 3163 980 3228 de
1005 3186 1066 3247 quo
1090 3164 1245 3227 verissime
1269 3163 1366 3227 Cicero

285 3269 410 3333 iudicat.
458 3269 496 3331 In
535 3271 662 3353 reliquis
694 3280 796 3336 autem
827 3273 968 3336 Dobreus
1000 3281 1030 3336 et
1061 3273 1298 3346 Rauchenstein.
1330 3270 1367 3353 (in

286 3378 453 3463 prooemio)
485 3402 532 3441 me
564 3379 794 3444 dissentientem
826 3404 887 3444 non
905 3382 1078 3446 habebunt.
1127 3381 1261 3447 Tantum
1285 3380 1368 3444 uelim

286 3487 420 3563 attendi,
450 3489 475 3552 si
503 3511 621 3553 summa
645 3513 692 3553 ars
715 3492 755 3553 sit
779 3498 874 3554 artem
898 3491 1155 3567 dissimulavisse,
1181 3514 1301 3555 summa
1322 3489 1366 3552 hic

287 3597 384 3660 videri
408 3606 604 3662 consecutum
629 3607 796 3676 oratorem,
822 3601 877 3684 qui
900 3600 987 3663 nullo
1010 3609 1121 3663 ornatu
1138 3601 1365 3671 sententiarum,

286 3706 380 3769 nullis
403 3705 562 3770 lenociniis
587 3709 766 3787 verborum,
796 3709 883 3772 nulla
905 3711 1010 3794 inepta
1034 3708 1297 3772 commiseratione
1318 3726 1366 3770 nos

286 3827 350 3876 1010
381 3814 473 3898 longo
503 3817 647 3901 temporis
670 3819 830 3889 intervallo
855 3818 892 3881 ab
915 3819 982 3902 ipso
1007 3825 1162 3902 separatos
1186 3825 1250 3880 tam
1272 3824 1368 3901 poten·

287 3930 334 3984 ter
356 3923 453 4004 possit
477 3945 673 3988 commovere.

333 4030 446 4092 Rerum
471 4031 630 4116 dispositio
655 4036 820 4099 admodum
844 4036 972 4120 simplex
996 4044 1050 4099 est.
1084 4037 1287 4102 Accusatores
1306 4034 1366 4109 isti,

287 4141 405 4221 inquit,
439 4150 622 4225 exaggerant
651 4144 763 4209 delicta
786 4167 907 4220 eorum,
940 4145 993 4228 qui
1016 4144 1074 4206 sub
1097 4145 1226 4228 triginta
1249 4147 1319 4209 viris
1340 4143 1367 4204 in

288 4249 363 4313 urbe
394 4262 614 4318 remanserunt.
663 4256 813 4340 Equidem
845 4263 881 4318 ut
911 4255 1034 4318 nullum
1056 4255 1134 4318 mihi
1158 4278 1266 4339 arrogo
1290 4255 1368 4318 bene

290 4361 393 4424 ficium
417 4362 449 4425 in
474 4385 526 4426 vos
551 4364 715 4442 collatum,
741 4366 783 4428 ita
807 4366 864 4428 hoe
888 4372 977 4450 peto,
1002 4373 1038 4428 ut
1060 4365 1141 4428 nihil
1158 4365 1260 4429 videar
1275 4366 1307 4429 in
1322 4382 1367 4427 vos
