2958 5238
788 483 851 543 134

216 740 217 747 ,
279 692 405 747 taurula
436 682 587 763 κρινόμενοι
617 682 770 761 σώζονται·
794 682 974 758 πεπαυμένοι
1004 683 1063 760 γὰρ
1085 690 1138 756 τῆς
1160 684 1244 761 ὀργῆς
1268 681 1353 742 αὐτῶν

232 868 235 875 ,
279 794 432 874 ἀκροᾶσθε,
456 794 505 857 καὶ
529 794 594 864 τοὺς
611 790 755 872 ἐλέγχους
771 793 821 867 ἤδη
838 793 965 863 θέλοντες
983 793 1173 873 ἀποδέχεσθε.
1196 792 1235 855 In
1252 791 1353 874 quibus

263 905 413 989 'primum
435 906 598 980 miramur,
623 926 692 967 eum
707 907 806 987 fondo
830 903 998 983 audivisse,
1022 904 1205 969 calumniam
1220 926 1283 967 esse
1298 925 1355 965 rem

279 1016 495 1093 miserrimam,
520 1016 660 1079 novimus
684 1017 741 1079 hoo
765 1038 824 1078 usu
847 1016 963 1100 experti
986 1039 1047 1080 non
1073 1039 1110 1080 en
1133 1016 1292 1079 hominum
1312 1037 1354 1077 ru-

279 1127 424 1191 moribus.
471 1127 595 1191 Iuvenis
630 1150 701 1191 sane
736 1135 816 1204 erat,
853 1127 904 1190 oui
940 1126 1018 1191 hano
1049 1128 1215 1191 orationem
1245 1125 1355 1209 scripsit

279 1238 386 1324 Lysias
418 1239 466 1322 (of.
498 1241 550 1322 55)
582 1260 643 1323 quo
666 1238 798 1322 pertinet
821 1239 911 1302 etiam
935 1238 1103 1322 imperitiae
1127 1237 1281 1300 excusatio
1302 1238 1355 1320 §l

281 1358 312 1414 et
335 1353 372 1427 2,
397 1350 435 1413 ol.
459 1352 476 1435 b
499 1352 540 1412 45
565 1351 693 1427 deduco,
720 1351 760 1411 53
785 1351 871 1431 <puch
919 1349 978 1412 Sed
1002 1349 1139 1413 affectata
1162 1347 1299 1412 videatur
1313 1369 1358 1410 ne-

281 1485 362 1526 11111
394 1469 439 1525 est
470 1460 540 1524 talis
570 1461 741 1546 ignorantia
774 1462 806 1525 111
837 1462 901 1524 cive
932 1461 1045 1526 liberae
1073 1461 1221 1537 civitatis,
1250 1450 1360 1543 inqua

280 1572 446 1658 plurimum
476 1571 592 1635 invidia
623 1571 746 1656 polleat.
794 1571 887 1652 Quod
916 1572 942 1635 si
973 1582 1037 1636 tam
1064 1572 1194 1636 bardum
1216 1594 1250 1635 ac
1273 1594 1361 1656 paene

281 1684 429 1748 infantem
461 1683 558 1746 voluit
589 1705 756 1768 proponere
788 1686 943 1747 oratorem
968 1683 1093 1768 Lysias,
1129 1682 1291 1747 dicendum
1320 1689 1363 1744 est

280 1794 370 1858 illum
408 1793 487 1856 male
527 1815 685 1878 personam
717 1793 750 1855 iu
781 1794 980 1878 sequentibus
1012 1795 1202 1858 sustinuisse.
1248 1793 1362 1858 Deinde

283 1903 501 1990 (pastorali,
533 1929 561 1967 κ.
585 1929 613 1967 τ.
638 1905 673 1986 ἓ.)
697 1926 758 1968 nou
782 1905 928 1988 probatur
952 1907 1034 1990 quod
1058 1906 1257 1970 demonstrari
1280 1905 1364 1969 debe-

282 2016 352 2093 bat,
376 2018 555 2079 columor'om
578 2038 640 2078 esse
664 1994 728 2079 iem
751 2016 975 2100 turpissimam,
1004 2016 1057 2080 sed
1078 2019 1269 2081 iracundiam
1290 2008 1364 2079 mul·

281 2133 349 2190 tum
372 2125 480 2188 valere.
526 2124 692 2189 Procedere
712 2126 756 2189 sic
771 2125 901 2190 debebat
917 2127 1174 2211 argumentando:
1192 2128 1364 2204 „calumnia

282 2246 425 2317 „tantum
458 2236 539 2300 valet
569 2246 604 2300 ut
627 2236 819 2301 iracundiam
842 2239 972 2302 excitare
995 2238 1092 2322 possit
1099 2264 1108 2316 3
1134 2260 1204 2301 nam
1227 2238 1366 2324 eoquod

283 2350 450 2436 „postremi
481 2349 601 2432 saepius
632 2348 849 2426 absolvuntur,
881 2351 958 2413 iram
986 2350 1145 2415 calumniis
1168 2357 1282 2414 motam
1306 2372 1367 2414 esse

284 2459 463 2546 „apparet”
499 2459 672 2533 Dicendum
687 2466 752 2523 erat
767 2471 803 2541 τῇ
819 2460 941 2541 διαβολῇ
957 2462 1038 2537 fieri,
1055 2470 1092 2524 ut
1108 2462 1225 2546 primus
1242 2463 1369 2547 quisque

249 2599 251 2602 ⁴
285 2574 338 2659 qui
362 2595 397 2636 ea
420 2577 542 2658 petatur
565 2571 801 2648 condemnetur,
826 2594 889 2636 nou
912 2580 1082 2657 postremos
1105 2572 1229 2637 absolvi.

329 2682 389 2746 Sed
412 2682 486 2746 alibi
510 2704 632 2767 quoque
655 2682 873 2746 demonstratio
897 2692 943 2747 est
965 2685 1068 2748 minus
1092 2685 1253 2771 perspicua
1277 2683 1370 2748 ueluti

284 2797 376 2879 §3⁴l.
414 2794 654 2878 Aristophanes,
686 2794 774 2857 onius
803 2793 885 2858 bona
906 2793 1063 2879 publicata
1086 2804 1186 2873 erant,
1210 2796 1371 2880 reliquerat

286 2904 411 2968 domum
442 2927 511 2968 oum
543 2905 622 2967 vasis
655 2912 685 2968 et
708 2904 899 2989 praediolum
925 2905 977 2985 sed
1001 2913 1113 2970 cuncta
1134 2906 1234 2971 multo
1256 2908 1370 2971 minora

286 3038 377 3103 quam
407 3016 568 3100 quisquam
600 3015 744 3099 opinatus
776 3024 849 3079 erat.
899 3015 966 3080 Iam
997 3026 1098 3081 orator
1129 3025 1165 3081 ut
1188 3017 1369 3083 demonstret

286 3150 363 3212 quae
392 3127 517 3190 inventa
547 3133 649 3189 essent
679 3136 749 3210 post
780 3126 997 3212 Aristophanis
1028 3135 1156 3192 mortem
1185 3129 1290 3192 omnia
1313 3149 1369 3192 1111

286 3262 364 3326 quae
388 3238 588 3324 possedisset,
605 3238 711 3300 fiotum
728 3239 874 3322 proponit
890 3217 1073 3323 exemplum.
1110 3238 1166 3317 „Si
1181 3240 1370 3312 Timotheus,

285 3351 403 3434 inquit,
429 3348 563 3413 Cononis
586 3349 667 3412 filius
692 3350 758 3433 (qui
781 3350 957 3414 fortunatus
982 3351 1151 3435 putabatur
1175 3350 1269 3414 Arist.
1295 3350 1370 3414 Plnt.

287 3466 385 3546 ,‚180)
409 3484 492 3525 nuno
515 3461 711 3525 damnaretur
733 3461 862 3545 eiusque
886 3461 966 3525 bona
989 3461 1222 3546 publicarentur
1245 3469 1276 3526 et
1299 3463 1371 3524 inve·

286 3574 415 3654 „niretis
448 3595 509 3637 uon
541 3572 671 3657 amplius
703 3582 837 3656 quatuor
868 3574 1000 3652 talenta,
1029 3575 1217 3660 putaretisne
1242 3575 1306 3638 eins
1327 3591 1372 3634 ne·

288 3687 453 3767 „cessarios
470 3686 632 3750 abstulisse
648 3685 789 3768 reliqna?
821 3685 925 3766 Multo
945 3687 1048 3750 minus
1065 3687 1102 3750 de
1117 3686 1181 3749 filio
1197 3679 1370 3770 Nicopbemi

287 3798 517 3882 „Aristophane
540 3797 653 3860 mirum
676 3796 767 3861 debet
790 3797 906 3876 videri;
930 3821 1002 3862 nam
1017 3797 1228 3883 Nicophemus
1241 3799 1368 3881 «legatus,

287 3908 416 3987 „Oonon
447 3907 511 3970 dux
551 3908 584 3970 in
614 3907 695 3970 bello
724 3916 802 3985 erat,
834 3930 923 3991 quem
946 3910 1091 3973 maiorem
1114 3915 1230 3992 partem
1255 3903 1369 3992 praedae

287 4019 459 4103 „accepisse
483 4025 730 4081 consentaneum
754 4018 831 4081 est.''
861 4018 973 4083 Adhuc
989 4020 1091 4084 omnia
1107 4028 1187 4082 recte
1203 4015 1370 4102 procedunt·

287 4131 429 4213 Quattuor
452 4130 636 4195 talentorum
659 4152 777 4192 summa
804 4129 933 4212 (Bakius
952 4132 1185 4211 turcopolorum,
1203 4127 1303 4192 Schol.
1318 4121 1371 4203 Hy·

287 4266 389 4329 pomn.
408 4242 471 4314 III.v
492 4265 522 4326 p.
537 4243 612 4324 201)
633 4242 804 4304 memorari.
817 4241 957 4318 videtur,
981 4242 1064 4327 quod
1084 4249 1205 4305 tantum
1225 4241 1285 4304 lere
1306 4230 1371 4298 redi·

287 4357 360 4419 isset
376 4377 412 4418 ex
429 4353 569 4417 auctione
582 4352 731 4415 bonorum
744 4352 981 4436 Aristophanis,
996 4354 1083 4417 ouius
1096 4352 1220 4415 domum
1234 4356 1264 4415 et
1276 4361 1369 4430 agrum

288 4489 366 4550 quae
390 4467 526 4550 quinque
545 4463 669 4527 talentis
690 4463 811 4526 emisset
827 4466 854 4548 (b
869 4467 923 4550 42)
944 4446 1078 4550 quatuor
1094 4464 1155 4527 fere
1171 4463 1368 4548 postmortem
