2994 5234
613 468 674 529 loe

105 666 245 731 horrenda
275 665 386 750 probra
417 666 564 730 coniicere
587 665 620 727 in
644 663 776 746 aliquem
786 688 795 739 3
819 661 951 741 φιβερῶς
974 663 1013 724 θν.
1038 680 1101 723 non
1125 681 1189 722 esse

102 798 234 860 graecum
258 774 397 852 videtur,
421 776 481 838 nisi
504 775 724 858 significatione
748 773 786 836 ab
811 771 958 835 hocloco
982 770 1091 833 aliena.
1125 767 1193 852 Igi-

104 891 151 948 tur
171 885 304 964 Φσβερσῖς
327 884 446 959 θνθμιισι
471 905 576 946 verum
600 889 677 966 puto
699 882 802 966 (qnasi
826 903 879 965 per
903 878 1027 943 horrida
1045 877 1192 941 vocabula

103 1016 166 1057 vera
185 995 225 1057 sit
242 992 392 1076 dicturus)
401 1019 410 1069 ;
427 992 545 1076 reliqna
560 1013 623 1055 non
640 997 778 1075 praesto,
796 990 849 1053 sed
866 990 909 1052 sic
927 989 987 1073 legi
1004 994 1189 1071 potuerunt:

103 1103 213 1184 ὡσπερεί
249 1103 385 1183 Φιβεμσῑς
413 1102 533 1179 θνθμωσι
565 1102 682 1179 μέλλων
712 1102 804 1175 ἀληθῆ
827 1101 940 1182 λέγειν,
972 1099 1044 1163 ἀλλ’
1075 1101 1132 1177 οὐχ
1155 1094 1191 1161 ἀν

103 1212 173 1277 σάνν
203 1211 328 1293 νιρηιθνως
359 1212 432 1286 μηδὲ
456 1212 567 1290 ψευδῆ,
592 1215 692 1275 radas
717 1209 832 1274 πείσων.
878 1206 952 1272 Non
974 1208 1072 1271 multo
1095 1207 1192 1270 maior

104 1329 176 1384 esset
198 1323 329 1386 mutatio
353 1326 469 1397 μάλλσν
493 1323 587 1396 ἀληθῆ
611 1322 725 1398 λίνων,
751 1320 805 1384 sed
828 1319 929 1396 μέλλω
952 1325 1032 1383 recte
1053 1317 1193 1381 sehabet

103 1431 198 1513 (quasi
221 1438 441 1495 consecuturus
465 1432 523 1508 sit,
548 1438 584 1493 ut
607 1453 679 1493 vera
702 1430 801 1506 dicat,
826 1450 895 1492 vera
919 1427 1018 1492 dicere
1038 1426 1191 1510 videatur)

104 1547 131 1602 et
152 1540 250 1604 futuri
274 1541 420 1625 temporis
444 1540 628 1624 significatio
650 1561 738 1623 aegre
763 1538 1009 1609 desideraretur..
1032 1535 1078 1598 Ex
1101 1534 1192 1614 ψενδη

103 1672 195 1712 ravan
211 1649 327 1713 factum
348 1655 395 1714 est
414 1650 558 1729 ψενθητκι
575 1672 676 1712 asora
694 1647 814 1712 duabus
830 1647 942 1711 litteris
953 1645 1033 1711 male
1045 1645 1192 1730 repetitis.

104 1759 182 1840 Λέγη
221 1760 407 1842 cogitatione
444 1782 479 1822 ex
510 1757 717 1841 superioribus
752 1758 857 1839 (ἀληθῆ
887 1757 992 1839 λέγων)
1022 1755 1192 1840 suppletur.

104 1869 228 1949 Πρηιίνως
260 1870 333 1945 μηδὲ
355 1870 450 1948 ψευδῆ
474 1877 510 1933 ut
532 1874 630 1940 κωλῶς
655 1868 703 1931 κωί
730 1868 840 1944 ἀληθῆ,
865 1873 951 1948 σαφῆ
974 1868 1023 1930 κιά
1047 1865 1190 1944 ἀκριβῶς,

17 2032 18 2037 ,
104 1976 259 2043 scanned
275 1978 354 2043 Plat.
372 1978 487 2043 Phaed.
510 1980 561 2043 79.
583 1980 622 2042 D.
655 1978 767 2043 Πείσειν
787 1985 817 2041 et
837 1979 962 2052 ποιήσειν
983 1976 1057 2039 alibi
1073 1995 1194 2057 quoquc

104 2088 224 2151 confusa
247 2088 324 2152 mihi
345 2090 478 2173 reperire
501 2090 584 2152 visus
609 2111 687 2152 sum.
712 2088 758 2151 of.
783 2089 822 2151 ad
849 2090 898 2150 13.
927 2090 957 2149 9.
1002 2085 1049 2148 De
1075 2085 1196 2162 ὡσπερεί

105 2219 168 2261 curn
194 2197 356 2283 participio
384 2199 422 2261 cf.
450 2200 476 2262 si
503 2200 583 2262 tanti
606 2198 685 2262 Plat.
716 2198 799 2261 Prot.
829 2200 904 2260 328.
930 2184 976 2272 D,
1002 2203 1034 2258 et
1055 2195 1093 2257 al.

100 2308 106 2316 ’
144 2307 180 2369 In
205 2308 266 2370 fine
290 2308 437 2371 orationis
461 2309 698 2392 transpositione
721 2315 752 2371 et
775 2306 1011 2391 interpolatione
1027 2304 1117 2389 plura
1133 2325 1197 2366 cor·

104 2425 189 2500 rupta
219 2416 374 2480 videntur.
421 2419 438 2500 t
462 2419 502 2479 21
534 2417 660 2501 legerim
690 2419 712 2480 εί
736 2417 796 2494 ηάρ
820 2417 883 2494 περὶ
906 2421 962 2479 τῶν
984 2415 1134 2492 μεγίστων
1160 2411 1197 2477 εί-

105 2549 187 2608 ρηκω,
217 2526 248 2589 τί
270 2526 315 2588 δεῖ
335 2524 397 2604 περὶ
422 2531 477 2588 τῶν
499 2526 624 2606 Φσιιίλων
647 2525 748 2602 ίμσίως
771 2525 862 2604 τούτῳ
885 2523 1054 2604 σπσνδάζειν
1079 2524 1195 2608 (τούτῳ,

107 2635 282 2717 accusatori)
313 2656 368 2718 pro
400 2635 463 2714 aspi
487 2640 542 2699 σῶν
568 2636 669 2713 ὁμοίως
692 2635 782 2715 τούτῳ
806 2635 948 2715 mutuom
972 2657 1043 2698 nam
1067 2635 1197 2699 obscura

107 2744 175 2809 haec
207 2767 272 2808 esse
303 2744 347 2807 ita
378 2745 495 2829 posita,
530 2744 602 2807 satis
627 2743 717 2807 docet
738 2745 941 2828 interpretum
964 2745 1015 2826 (cf.
1039 2743 1143 2807 Reisk.
1169 2751 1200 2808 et

107 2853 301 2938 Bouchenst.)
333 2853 499 2931 dissensio,
532 2875 664 2937 quorum
694 2875 784 2917 nemo
818 2854 1008 2938 probabilem
1036 2853 1121 2918 dedit
1152 2877 1199 2917 ex·

108 2964 309 3047 plicationem.
355 2966 373 3048 t
402 2967 442 3025 22
467 2965 593 3040 civitas,
618 2965 737 3048 inquit,
762 2965 851 3028 nobis
875 2965 953 3028 hanc
979 2965 1090 3049 stipem
1114 2964 1200 3028 dedit

109 3078 248 3154 ῆνσνμένη
277 3075 371 3145 κωνάς
401 3071 473 3138 εἷνωι
511 3076 567 3145 κάς
602 3073 703 3153 σύχκς
735 3081 794 3146 τοῖς
818 3072 913 3138 ἀσωσι
940 3073 1003 3157 [sal
1028 3078 1083 3136 τῶν
1105 3079 1201 3136 κωκιῖιν

108 3185 152 3248 κιιί
173 3193 228 3249 τῶν
251 3187 404 3269 cysson,
429 3194 495 3267 rata
519 3205 713 3250 communem
736 3207 802 3248 esse
818 3184 960 3249 omnibus
977 3174 1218 3259 calamitatem?

17 3328 19 3351 2
109 3295 126 3356 i.
150 3318 174 3359 e.
198 3297 312 3360 civium
336 3296 527 3380 singulorum
545 3294 686 3358 adversae
702 3296 860 3371 fortunae,
877 3302 1023 3378 tanquam
1039 3293 1197 3378 publicae,

17 3420 19 3487 ᾗ
109 3405 348 3471 subveniendum
382 3429 454 3470 csse.
499 3405 601 3469 Verba
636 3413 742 3469 notata
776 3406 903 3470 turbant
932 3405 1131 3481 sententiam,
1169 3411 1198 3466 et

17 3524 19 3601 ζ
109 3515 270 3582 insolenter
305 3516 423 3580 dictum
458 3522 504 3580 est
538 3518 569 3579 κὶ
600 3517 693 3596 σύχωι
731 3522 786 3580 τῶν
820 3522 915 3580 κοινῶν
939 3515 1072 3598 (Reisk.:
1097 3536 1199 3579 rerum

17 3612 18 3671 i
112 3627 300 3692 adversarum
332 3631 450 3711 sortes).
505 3630 521 3711 t
552 3630 594 3689 td
624 3626 697 3691 ἀλλ’
726 3629 757 3691 σύ
787 3627 936 3698 σσιωιίτωις
967 3629 1117 3708 ἀφνρμωῖς
1149 3630 1198 3688 τοῦ

17 3718 18 3727 ¹
110 3735 171 3810 βίον
204 3739 288 3824 [πρὸς
315 3738 355 3801 σά
378 3739 515 3820 reintrat]
540 3736 684 3817 τνγχάνω
708 3736 855 3816 χρώμενος
880 3736 1041 3799 manifesto
1065 3736 1200 3819 interpo-

110 3844 168 3909 lata
190 3856 265 3913 sunt
290 3848 356 3927 πρὸς
380 3848 420 3912 rat
439 3852 573 3912 τσιωῦτω.
616 3849 633 3932 t
653 3849 693 3908 25
715 3844 777 3921 ἐξόν
798 3869 845 3923 μω
865 3845 933 3923 μεν)
954 3846 1063 3909 ἐκείνων
1081 3845 1199 3928 (σῶνλ)

17 4008 18 4039 1
111 3956 194 4029 ἀδεῶς
229 3958 444 4034 νινλισειίεσθιιι,
488 3957 552 4033 μεθ’
590 3957 668 4034 ὑμῶν
707 3956 825 4033 εἱλόμην
855 3954 1020 4019 κινδυνεύειν
1050 3952 1198 4017 ἀνιάνσων.

17 4058 18 4107 Ῐ
112 4062 192 4150 Lego
220 4069 289 4146 ὑπὲρ
317 4067 470 4141 ἀσάντων,
495 4067 598 4130 omnia
619 4068 652 4130 in
677 4066 840 4130 discrimen
865 4065 945 4128 dare.
985 4063 1035 4126 Sic
1059 4062 1198 4125 Dobreus

17 4218 18 4221 =
114 4195 237 4261 quoque.
284 4177 388 4257 Quare
411 4177 537 4261 vulgata
560 4177 650 4240 lectio
674 4199 737 4240 non
761 4177 859 4261 possit
875 4174 997 4260 probari
1014 4173 1199 4238 demonstra·

17 4336 18 4355 2
114 4290 175 4347 tum
198 4294 243 4350 est
259 4286 296 4350 ab
314 4286 400 4363 aliis,
417 4308 549 4369 quonum
564 4286 754 4350 coniecturas
770 4286 832 4349 vid.
850 4307 898 4369 ap.
915 4284 1101 4348 Scheibium.
1125 4285 1142 4366 t
1157 4285 1198 4343 26

115 4393 209 4468 ὁμοίως
232 4399 309 4475 ὑμῶν
332 4397 454 4477 τύχοιμι
477 4403 536 4467 τοῖς
560 4395 661 4463 eosne
683 4395 840 4473 ῆθικηκίσιν
864 4417 934 4458 cum
958 4393 1074 4457 Cobeto
1097 4393 1200 4478 legen·
