2994 5234
528 1295 826 1360 EPILOGUS.

177 1867 250 1931 Non
282 1865 417 1929 alienum
446 1864 537 1929 fuerit
561 1864 618 1927 hoc
643 1863 710 1928 loco
735 1864 877 1948 colligere
901 1886 936 1928 ea
959 1887 1038 1948 quae
1061 1865 1099 1928 de
1123 1865 1226 1950 singu·

127 1983 173 2045 lis
197 1964 387 2044 oracionibus'
411 1978 576 2042 statuenda
599 1978 770 2042 videantur.

128 2217 154 2258 1.
193 2195 240 2256 lle
261 2192 352 2256 caede
370 2192 592 2256 Eratosthenis.
704 2191 856 2255 Genoina.

130 2324 185 2367 111.
221 2305 302 2386 (nam
328 2303 366 2367 de
390 2324 426 2367 11.
450 2305 535 2387 alias)
556 2304 659 2367 adver·
704 2304 855 2368 Genuina.

219 2438 270 2478 sus
289 2414 452 2478 Simonem.

130 2547 177 2590 1v.
213 2527 260 2590 De
282 2526 407 2590 vulnere
428 2525 657 2610 praemeditato.
704 2526 823 2603 Dubia,
850 2527 956 2610 utique
979 2526 1130 2608 ἀκέφαλος
1137 2556 1145 2606 3
1167 2531 1225 2594 for-

746 2643 833 2719 tasse
853 2645 900 2700 est
924 2639 1099 2703 exercitatio
1123 2641 1224 2704 rheto-

747 2747 818 2810 rico.

135 2882 168 2923 v.
204 2857 264 2920 Pro
288 2855 395 2920 Callia.
705 2855 839 2919 Parvum
882 2857 1100 2941 fragmentum,
1145 2862 1227 2945 quod

748 2965 858 3051 Lysiae
886 2990 950 3032 esse
974 2977 1086 3054 potest.

132 3098 176 3142 vi.
212 3077 250 3141 In
274 3076 474 3141 Andocidem.
705 3076 922 3162 Supposilicia.

133 3208 191 3251 vn.
226 3188 273 3251 De
293 3196 402 3252 trunco
423 3188 506 3250 oleae
527 3208 638 3249 saccae.
705 3187 857 3273 Genuina.

134 3319 206 3362 vm.
240 3299 311 3378 Πρὸς
346 3298 411 3370 τοὺς
446 3297 655 3369 συνρυσωιστόες
702 3297 916 3384 Supposilicia.

241 3414 426 3483 κακολογιῶν.
929 3486 932 3491 y

135 3540 180 3583 lx.
217 3519 276 3582 Pro
297 3518 396 3584 miliae
415 3518 601 3603 (Polyaeno).
705 3520 921 3606 Suppositieia.

134 3650 166 3694 x.
203 3629 240 3693 In
264 3629 504 3692 Theomnastum
525 3628 550 3692 Ι.
705 3631 857 3698 Genuina.

134 3760 180 3803 xi.
215 3739 253 3804 In
277 3739 516 3803 Theomnastum
534 3739 578 3803 Π.
704 3741 846 3827 Epitome
878 3746 1060 3829 superioria,
1090 3750 1228 3833 supposi-

750 3854 832 3918 tioia.

134 3980 192 4023 xm.
229 3960 268 4023 In
291 3960 535 4025 Eratosthenem.
664 3962 668 3969 ’
706 3964 857 4030 Genuina.

134 4091 206 4134 xm.
243 4070 280 4134 In
305 4076 482 4156 Agoratum.
705 4074 857 4140 Genuino.

134 4202 199 4245 xm.
236 4181 274 4245 In
298 4182 489 4246 Alcibiadem
513 4183 539 4247 I.
704 4185 856 4252 Genuina.

134 4314 186 4356 xv.
224 4292 261 4355 ln
287 4292 477 4356 Alcibiadem
502 4294 544 4359 ΙΙ.
705 4297 927 4384 Supposilicia3
947 4303 1074 4369 fortasse
1096 4330 1228 4386 capace-

750 4412 866 4486 aalma
892 4437 928 4476 ex
950 4419 1095 4500 genuina.
