2994 5234
648 421 711 481 208

129 641 193 697 ρους
217 618 350 692 ποιήσετε
373 617 390 691 ἢ
413 622 474 680 νῦν
497 619 581 690 εἱσι,
602 616 651 679 acl
696 618 725 679 τ’
738 613 846 685 ἄλλους
867 614 1002 689 βελτίους
1023 610 1229 684 ποοήσετεκοοὶ.

129 728 216 806 παρὰ
246 724 352 790 τούτων
386 726 463 800 δίκην
497 724 651 807 εἰληφότες
696 724 779 802 πυροὶ
817 723 919 788 τούτου
958 722 1035 796 δίκην
1065 719 1220 801 εἰληφότες

131 836 243 901 ἔσεσθε.
701 832 808 897 ἔσεσθε.

178 945 275 1008 Vides
306 942 381 1007 haec
410 943 510 1007 verbis
541 943 621 1007 inter
651 965 683 1006 se
706 942 818 1005 similia
842 964 916 1005 esse.
952 940 1114 1025 Superiora
1140 938 1167 1022 (1
1192 938 1220 1013 7,

127 1055 201 1118 Ν10.
229 1057 300 1138 93),
329 1052 441 1136 quibus
468 1075 546 1137 quae
575 1053 760 1136 exspectatio
792 1053 832 1115 sit
860 1051 1018 1115 hominum
1048 1050 1087 1114 de
1110 1054 1221 1112 eventu

127 1164 240 1228 iudicii
263 1163 444 1241 declaratur,
469 1164 621 1227 sententia
641 1185 703 1226 non
727 1162 825 1226 verbis
844 1159 1049 1246 comparanda
1069 1160 1150 1222 inter
1173 1180 1221 1235 se,

126 1294 192 1336 11011
218 1272 373 1349 describe,
399 1274 544 1358 quoniam
567 1272 677 1335 similia
700 1271 773 1335 alibi
797 1291 920 1354 quoque
942 1268 1159 1343 inveniuntur3
1183 1267 1221 1329 01.

129 1384 184 1445 la.
217 1384 259 1444 35
289 1390 319 1445 et
345 1384 397 1446 92.
430 1385 479 1446 19.
515 1381 665 1446 Maiorem
688 1382 750 1447 vim
772 1381 887 1446 habent
909 1381 1000 1444 haec:

170 1494 188 1576 1
218 1495 268 1556 15.
292 1496 377 1568 ἡμεῖς
400 1494 491 1557 τοίνυν
509 1494 545 1577 (οἱ
561 1495 651 1568 uacil-
742 1491 813 1559 Nic.
846 1493 898 1554 35.
935 1494 1019 1568 ἡμεῖς
1050 1489 1104 1564 μὲν
1130 1488 1221 1552 τοίνυν

124 1603 219 1685 γορον)
251 1604 301 1666 οὐκ
332 1603 559 1679 ἠθελήσαμεν
589 1627 655 1682 προ·
700 1605 750 1667 οὐκ
772 1601 954 1676 altariorum
971 1598 1025 1663 alul
1040 1599 1147 1663 τούτων
1157 1596 1221 1672 οὶξι-

125 1711 244 1794 atvar,
268 1710 405 1789 ἀξιοῦμεν
424 1713 453 1776 δὲ
473 1712 541 1789 μηδ’
560 1712 655 1788 ὑμᾶς,
701 1710 811 1785 odorra
842 1709 1008 1784 σεισθῆναι,
1037 1707 1070 1771 τὸ
1101 1706 1124 1769 δ’
1148 1706 1221 1771 οὐτὸ

124 1821 366 1898 ἐνθυμουμένους,
390 1845 417 1886 κ.
441 1847 470 1885 τ.
494 1821 517 1884 ἑ.
539 1820 588 1905 (01.
612 1823 652 1883 14
697 1826 782 1883 τοῦτο
804 1823 1035 1898 reparatoque
1058 1817 1147 1894 ὑμᾶς.

126 1929 273 1995 futurum
295 1930 467 2016 δεήσεσθου).

171 2037 312 2101 Maxime
335 2039 427 2103 velim
449 2039 582 2116 attendi,
606 2040 639 2102 in
662 2038 823 2123 Epicrates
846 2059 941 2123 paene
964 2036 1068 2100 omnia
1083 2058 1162 2120 quae
1178 2036 1222 2098 di-

124 2169 217 2213 versa
233 2147 314 2224 sint,
332 2148 437 2232 peiora
451 2171 531 2224 esse,
552 2149 701 2232 quaedam
718 2148 755 2211 ab
772 2155 951 2232 argumento
968 2146 1067 2210 aliena
1083 2146 1132 2228 (cf.
1146 2167 1224 2230 quae

126 2280 227 2342 supra
251 2257 290 2320 ad
312 2259 449 2343 singulos
472 2259 555 2322 locos
574 2260 701 2343 monui).
738 2261 880 2345 Apparet
896 2281 932 2322 ex
948 2259 1010 2334 his,
1030 2256 1222 2341 Epicrateam

126 2389 164 2433 ex
189 2364 399 2432 Nicomachea
421 2369 593 2433 imitatione
616 2392 785 2454 expressam
810 2391 892 2446 esse,
908 2389 971 2432 non
986 2356 1102 2430 contra.
1127 2364 1221 2445 Quod

126 2477 223 2540 etiam
257 2498 293 2539 ex
323 2486 459 2562 tempore
489 2479 611 2543 habitae
639 2478 803 2562 utriusque
836 2477 982 2542 orationis
1006 2475 1082 2540 effici
1106 2474 1220 2560 possit,

125 2585 284 2669 siquidem
314 2585 550 2651 Nicomacheam
581 2588 672 2651 hodie
702 2587 764 2651 lere
794 2595 914 2651 constat
941 2609 967 2650 a.
993 2588 1056 2649 399
1085 2585 1222 2650 habitam

125 2717 193 2758 esse
218 2693 271 2777 (cf.
295 2694 408 2780 Bergk.
432 2697 465 2759 in
488 2697 606 2761 Andoc.
631 2698 704 2762 edit.
728 2697 867 2761 Schiller.
892 2720 922 2781 p.
949 2698 1029 2772 141,
1046 2697 1135 2779 sqq),
1151 2694 1224 2777 Epi·

126 2811 266 2868 crateam
296 2804 569 2870 demonstravimus
600 2807 638 2869 ad
666 2830 693 2871 0.
719 2811 782 2871 393
808 2814 862 2871 aut
885 2806 978 2892 paulo
1001 2812 1071 2890 post
1095 2804 1223 2868 referen-

125 2913 198 2979 dam
220 2935 296 2977 esse.
340 2914 399 2978 Sed
424 2916 596 2998 quaeritur,
621 2939 698 2981 rrum
721 2916 828 3001 Lysias
856 2939 943 2981 suam
965 2917 1030 3001 ipse
1053 2913 1220 2978 orationem

125 3023 312 3107 expresserit
342 3022 441 3088 dicam
472 3047 510 3089 an
538 3025 756 3110 depravaverit.
804 3026 837 3089 Si
867 3035 1006 3111 ageretur
1037 3025 1075 3088 de
1103 3025 1222 3101 ἐνθυμή-

123 3157 203 3210 aaut
229 3132 413 3215 quibusdam
438 3136 658 3219 sententiisque
682 3136 957 3221 splendidioribus,
983 3157 1058 3219 quas
1082 3155 1119 3197 ex
1141 3155 1221 3196 com·

123 3241 288 3306 menteriis
318 3241 521 3328 depromsisse
555 3244 637 3308 credi
668 3255 789 3330 posset,
815 3245 913 3330 possit
935 3245 1004 3328 quis
1027 3244 1155 3307 fortasse
1177 3244 1222 3306 ita

124 3350 277 3415 accidisse
307 3359 434 3435 putare;
462 3376 545 3417 nunc
576 3376 646 3417 vero
675 3376 772 3437 quum
793 3354 880 3418 nullo
905 3363 1017 3418 ornatu
1040 3354 1219 3438 conspicua,

123 3461 242 3544 partim
273 3461 364 3524 exilia
393 3463 456 3526 sint
486 3486 564 3547 quae
595 3472 667 3527 sunt
695 3464 808 3528 similia
838 3466 866 3548 (1
891 3466 960 3549 15),
993 3464 1135 3548 equidem
1157 3487 1220 3530 11011

122 3568 216 3634 facile
241 3570 429 3637 crediderim.

169 3679 269 3760 Quod
299 3683 325 3745 si
353 3682 426 3747 haec
449 3685 547 3748 oratio
570 3707 624 3768 per
647 3707 679 3748 se
702 3693 866 3769 spectatur,
891 3686 984 3749 etiam
1005 3684 1215 3762 inveniuntur,

124 3813 207 3872 quae
243 3789 413 3857 offendant:
448 3794 550 3858 subita
572 3797 728 3859 conversio
751 3798 767 3878 1
790 3800 820 3858 1.
844 3796 893 3859 real
915 3797 982 3871 ὑμῖν
1005 3795 1082 3875 lxm
1106 3817 1218 3860 nomen

123 3899 305 3964 inauditum
338 3901 573 3985 Ὀνομάσαντος,
609 3905 669 3982 ib.;
699 3905 831 3983 13101μο
861 3907 937 3989 16;
962 3905 1049 3967 lusus
1072 3905 1105 3967 in
1125 3905 1217 3968 verbo

123 4007 259 4089 ἄκροσοςτ
283 4014 314 4075 οὐ
337 4013 397 4092 γὰρ
419 4009 537 4078 edrard

123 4118 301 4198 πραχθέντα
332 4123 516 4203 ψηφίσησθε,
556 4122 611 4206 qui
634 4123 692 4187 etsi
715 4145 732 4185 0
754 4121 847 4207 Lysia
869 4145 932 4186 non
953 4122 1071 4186 alienus
1095 4129 1141 4186 est
1166 4123 1210 4203 (cl
1238 4150 1241 4157 ¹

123 4230 171 4292 ἐπ’
196 4230 355 4310 αὐτοφώρῳ
382 4255 475 4316 supra
505 4255 534 4317 p.
560 4235 635 4317 98),
660 4242 761 4297 tamen
784 4232 834 4297 hlc
857 4231 974 4296 nullam
1002 4232 1214 4296 necessitatem

123 4338 236 4416 habet,
256 4348 398 4426 poterant
421 4344 523 4407 omnia
541 4343 596 4406 illa
614 4346 631 4432 1
652 4346 670 4405 8
688 4346 817 4423 ἡγοῦμου
830 4381 874 4392 -
888 4345 935 4427 19
948 4342 1213 4427 κοσοψηφίοουσθε
