3002 5240
647 448 689 512 28

136 641 288 718 σύγκειταί
307 669 342 708 τε
364 644 569 727 peomne,
595 644 643 708 καὶ
668 645 889 726 ἐσχημάτισται
905 646 1115 726 ἁπλούστερον·
1134 646 1214 728 ἡδονῇ

134 773 164 813 τε
193 749 243 814 καὶ
273 751 373 833 χάριτι
404 765 500 835 πολλῇ
530 755 681 836 κέχρηται.
729 754 776 819 Ib.
801 776 826 818 c.
852 759 872 819 4
896 755 1006 841 Lysiae
1031 756 1214 822 adscribitur

31 872 34 955 J
135 861 261 938 ιὶπλότνς
284 863 334 928 ναὶ
356 863 454 945 χαρις.
491 864 548 930 His
571 866 667 950 igitur
690 864 809 930 collatis
829 874 954 952 apparet
973 865 1106 951 Lysiam,
1128 867 1211 951 qnod

31 990 32 993 ’
134 983 207 1037 esset
229 983 341 1040 natura
363 952 494 1040 disertus
517 985 547 1040 et
571 976 713 1061 simplex,
739 975 858 1041 sobrius
881 976 963 1041 idem
986 983 1017 1039 et
1032 975 1163 1062 diligens
1179 979 1212 1042 in

110 1083 317 1166 xelocutione,
340 1088 502 1152 maximam
523 1088 611 1168 χάριν
634 1096 832 1152 consecutum
855 1086 960 1151 videri.
985 1085 1120 1171 Simplex
1136 1088 1212 1153 adeo

133 1203 208 1274 erat,
234 1204 275 1262 ut
293 1199 445 1285 quendam
469 1199 601 1265 colorem
624 1199 786 1263 vetustatis
810 1221 882 1283 prae
905 1220 937 1262 se
961 1198 1061 1263 ferret.
1097 1199 1212 1265 Verum

132 1306 161 1370 in
190 1307 390 1374 describenda
418 1318 520 1374 mente
544 1309 673 1394 Dionysi
696 1308 778 1374 idem
806 1309 883 1374 mihi
918 1308 1030 1373 accidit
1053 1309 1150 1387 illud,
1175 1309 1213 1375 de

132 1441 188 1503 qno
211 1421 367 1509 queritur,
397 1429 432 1486 ut
462 1420 584 1486 difficile
608 1422 738 1486 sentiam
761 1443 843 1497 esse,
870 1421 949 1506 aptis
973 1421 1006 1484 in
1029 1443 1064 1485 ea
1086 1422 1213 1485 materia

131 1530 224 1594 verbis
241 1531 301 1594 uti.
332 1529 464 1596 Tantum
481 1531 686 1616 intellegitur,
704 1533 868 1617 significari
884 1532 970 1597 illam
985 1532 1131 1596 virtutem
1146 1532 1211 1596 sine

132 1663 187 1727 qua
209 1642 371 1708 tenuitatis
394 1643 480 1707 nulls
502 1644 570 1709 lans
594 1645 642 1708 sit.
680 1644 771 1708 Unde
793 1644 919 1729 Lysiam
943 1642 1035 1708 simul
1059 1642 1211 1727 specimen

131 1755 421 1837 praestantissimum
443 1763 496 1830 τῆς
518 1764 601 1832 λιτῆς
624 1757 672 1820 καὶ
696 1756 826 1837 ἀφελοῦς
850 1755 955 1832 λέξεως
976 1776 1143 1840 proponere
1159 1775 1211 1838 po-

131 1864 188 1928 tuit
214 1873 246 1929 et
278 1887 313 1929 eu
345 1865 432 1951 quasi
460 1874 533 1930 nota
556 1866 644 1931 illum
668 1865 837 1931 describere
862 1865 912 1949 (de
937 1866 1023 1930 Dem.
1050 1868 1094 1948 2),
1119 1864 1212 1929 simul

131 1974 161 2039 rt
180 1979 524 2058 χαρακτηριστιιαίιτατιν
544 1988 596 2054 τῆς
619 1977 767 2055 δυνάμεως
789 1979 878 2043 αὐτοῦ
903 1976 1001 2040 dicere
1024 1978 1075 2050 τὴν
1090 1980 1211 2053 κοσμοῦ-

133 2085 184 2151 σαν
205 2113 239 2153 τε
264 2089 314 2154 καὶ
339 2089 505 2172 ιὶνθίζινσιιν
527 2092 579 2165 τὴν
602 2089 680 2168 λέξιν
703 2092 793 2156 αὐτοῦ
815 2088 923 2170 χάριν
947 2088 995 2172 (de
1011 2086 1082 2173 Lys.
1102 2089 1164 2171 13).

171 2196 326 2264 Venostes
356 2199 410 2264 illa
440 2217 533 2285 qnam
555 2200 721 2285 Dionysius
744 2199 895 2285 significat
917 2198 1117 2283 proficiscitur
1141 2219 1210 2261 cum

131 2327 163 2371 ex
191 2316 266 2394 apto
296 2310 514 2376 vocabulorum
543 2309 663 2374 delectu
669 2358 678 2388 ,
710 2317 776 2374 tum
807 2331 843 2373 ex
871 2308 1023 2387 amane,
1048 2329 1110 2392 qua
1131 2306 1210 2370 nihil

131 2420 314 2503 superfluum
337 2421 378 2485 sit
400 2429 454 2485 eut
476 2420 644 2498 redundet,
668 2428 699 2485 et
716 2427 818 2486 temen
837 2419 927 2504 plane
943 2417 1129 2504 exprimatur
1144 2440 1209 2482 seu-

131 2532 238 2610 tentia,
265 2544 301 2598 ut
323 2532 421 2598 facilis
444 2534 483 2599 sit
505 2532 681 2611 intellectu,
705 2540 736 2596 et
758 2531 836 2596 nihil
859 2530 979 2608 deesse,
1003 2529 1083 2594 nihil
1097 2528 1208 2593 inutile

130 2662 189 2708 esse
217 2644 348 2709 sentiart
378 2645 530 2711 auditores
560 2645 733 2710 lectoresve.
779 2643 962 2708 Brevitatem
994 2642 1059 2707 eius
1082 2663 1209 2706 comme·
1239 2720 1241 2725 ι

130 2762 222 2819 morat
244 2756 345 2840 capite
369 2760 406 2835 5,
430 2755 485 2822 ubi
507 2756 638 2821 attendit
660 2755 848 2842 potissimum
874 2753 912 2819 ad
935 2776 1031 2820 νινιισι
1050 2753 1208 2819 inutilium

130 2865 337 2943 omissionem,
367 2888 439 2931 eum
463 2889 523 2952 qus
546 2889 624 2931 nexa
645 2874 691 2931 est
714 2887 806 2950 quam
830 2865 967 2950 proximo
990 2865 1034 2948 (6)
1058 2865 1206 2944 celebrat,

131 2974 307 3041 elocutionis
330 2977 462 3043 brevitas
478 2977 635 3042 concinna
671 2976 713 3040 ut
734 2976 767 3041 in
790 2975 890 3062 priore
913 2975 1038 3060 quidem
1053 2975 1207 3060 capite(5)

131 3085 223 3152 verbis
234 3086 451 3169 συνέστραπται
463 3089 489 3152 δ’
498 3088 577 3158 εἴτις
589 3090 639 3153 καὶ
650 3085 742 3159 ἄλλος
754 3085 803 3153 καὶ
816 3084 1002 3151 πεπύκνωται
1014 3094 1073 3158 τοῖς
1086 3092 1207 3164 νινὶριασι

131 3195 186 3260 iam
205 3198 359 3283 praeludit
374 3198 420 3263 illi
439 3198 635 3284 proprietati,
654 3220 746 3283 quam
758 3197 895 3283 proximo
909 3198 954 3281 (6)
967 3195 1145 3281 diligentius
1157 3196 1207 3260 de·

131 3308 230 3374 scribit
237 3336 247 3388 ρ
270 3331 342 3374 nam
365 3331 401 3374 ea
421 3309 513 3374 verba
535 3309 573 3374 de
595 3331 696 3374 rerum
718 3306 877 3374 inutilium
893 3307 1074 3385 omissione,
1092 3308 1129 3372 de
1146 3330 1207 3392 qua

131 3419 310 3507 paulopost
332 3421 449 3506 agitur,
474 3443 535 3485 non
559 3420 655 3506 accipi
678 3426 815 3505 possunt.
862 3418 967 3483 Brevis
990 3425 1036 3482 est
1050 3416 1158 3502 Lysias
1174 3418 1205 3481 in

132 3530 233 3610 rebus,
263 3532 346 3618 quod
376 3531 614 3617 digressionibus
643 3553 705 3595 non
735 3531 835 3596 utitur
842 3557 852 3608 3
876 3552 955 3608 nou,
979 3537 1016 3594 ut
1038 3529 1095 3593 hoe
1121 3535 1205 3607 utar,

133 3660 203 3722 quae
226 3643 267 3706 sit
289 3641 479 3708 consuetudo
498 3642 646 3720 civitatis,
664 3663 725 3726 qua
739 3663 771 3705 re
787 3641 914 3705 maiores
930 3640 1108 3725 aequalibus
1125 3662 1208 3723 prae·

22 3742 29 3769 ⁸
135 3751 279 3831 stiterint,
310 3754 385 3838 quid
412 3760 519 3839 poetae
549 3761 709 3829 moneant,
741 3751 867 3830 similia,
892 3774 970 3836 quae
992 3750 1074 3837 apud
1098 3751 1207 3816 Demo-

133 3861 264 3929 sthenem
286 3873 317 3928 et
340 3863 414 3928 ahos
437 3864 652 3941 inveniuntur,
677 3863 797 3948 copiose
820 3862 912 3927 refert
918 3888 928 3939 ;
945 3870 1013 3927 tum
1025 3870 1204 3949 argumenta

133 3968 255 4039 breviter
284 3974 444 4061 proponit,
476 3974 680 4039 adversarium
711 3974 816 4059 panus
838 3973 968 4050 refutat3
992 3995 1053 4038 non
1077 3974 1206 4037 occasio·

133 4103 196 4148 nem
219 4093 320 4170 captat
342 4106 415 4149 suae
437 4081 562 4170 peritiae
585 4083 793 4149 ostentandae.
818 4083 903 4147 Idem
920 4091 1039 4162 tamen,
1057 4084 1081 4147 si
1098 4105 1206 4146 causae

135 4194 293 4274 conducat,
325 4195 404 4261 nihil
431 4195 517 4280 pensi
548 4195 656 4273 habet,
688 4193 813 4259 eandem
841 4196 1022 4259 sententiam
1045 4195 1077 4257 in
1101 4192 1204 4258 eadem

135 4307 262 4372 oratione
284 4317 428 4394 repetere.
458 4307 504 4371 cf.
529 4307 567 4371 ad
590 4331 632 4372 or.
655 4310 696 4370 25
715 4307 771 4371 snb
788 4306 808 4370 f.
840 4305 899 4370 Sed
916 4308 1039 4370 omnino
1055 4306 1098 4369 sie
1113 4305 1203 4381 dicit,

136 4426 167 4481 ut
187 4420 240 4504 qui
262 4427 394 4485 attentos
418 4427 448 4483 et
470 4418 583 4484 dociles
603 4418 718 4483 iudices
734 4424 903 4505 exspectet,
920 4417 1032 4502 quibus
1047 4439 1110 4481 non
1125 4415 1205 4481 faces
