3002 5240
612 520 657 562 vn

110 744 230 828 plerique
260 743 474 828 aequiesount,
507 739 564 803 sub
594 760 719 802 examen
751 760 857 801 vocare
886 737 1010 822 placuit.
1057 738 1095 801 In
1119 761 1180 822 quo

110 906 192 966 quum
215 882 342 946 eruditis
367 879 545 954 scriberem,
571 900 632 941 non
656 877 693 940 de
717 877 771 952 iis,
790 899 868 960 quae
885 878 959 940 satis
975 888 1049 940 nota
1065 886 1180 954 essent,

108 1020 261 1105 disceptare
285 1020 386 1096 volui,
411 1019 462 1083 sed
487 1017 636 1103 quaedam
661 1016 848 1079 exstantium
871 1015 1054 1080 lineamenta
1078 1016 1183 1081 adum-

108 1159 199 1236 brare,
231 1167 266 1223 ut
297 1166 450 1242 quatenus
483 1157 547 1221 eius
578 1155 721 1220 laudibus
753 1155 906 1219 orationes
936 1155 1024 1218 nobis
1048 1164 1183 1222 servatae

108 1298 329 1381 responderent,
362 1303 520 1382 appareret
527 1321 536 1373 ς
569 1305 636 1359 tum
664 1295 689 1357 si
714 1316 792 1377 quae
815 1300 902 1356 tanto
927 1295 1086 1377 praeconio
1111 1295 1185 1359 inl·

108 1435 189 1498 riures
212 1457 278 1498 esse
301 1433 494 1509 viderentur,
519 1433 723 1516 exquirerem,
742 1439 880 1495 utrorum
897 1442 976 1495 esset
995 1432 1102 1516 oulpa,
1120 1457 1184 1498 ora·

107 1573 210 1636 torisne
239 1573 337 1656 ipsius
369 1594 408 1635 an
437 1570 701 1647 vicissitudinum,
727 1591 803 1654 quas
827 1590 862 1632 eo
886 1577 1008 1632 mortuo
1032 1572 1183 1636 orationes

108 1719 237 1795 expertae
262 1718 371 1774 essent.

145 1846 214 1911 Non
237 1847 314 1911 mihi
337 1846 500 1931 proposui,
526 1867 581 1909 neo
605 1852 707 1908 tamen
732 1845 845 1908 veritus
870 1868 937 1908 sum
961 1845 1071 1930 Lysiae
1087 1847 1186 1911 detra-

111 1983 171 2048 here
203 1985 407 2063 „haerentem
430 1984 522 2067 capiti
545 1983 644 2046 multa
668 2004 737 2046 oum
761 1981 852 2045 laude
877 1982 1059 2059 eoronam;''
1082 1985 1187 2068 itaque

27 2150 28 2155 ¹
109 2121 192 2187 libere
223 2123 288 2187 dixi
319 2146 395 2208 quae
427 2122 503 2185 milii
534 2120 735 2205 improbanda
758 2120 942 2185 viderentur.
979 2121 1187 2187 Veruntamen

27 2270 28 2321 ξ
110 2270 186 2323 erant
208 2259 359 2343 quaedam
383 2258 551 2335 eiusmodi,
576 2266 696 2321 utnon
721 2266 846 2341 possent
868 2258 925 2321 ulli
949 2261 1078 2337 oratori,
1101 2262 1190 2324 ouius

110 2396 225 2480 aliquod
256 2418 369 2460 nomen
400 2396 523 2472 fuisset,
554 2395 668 2458 nedum
704 2394 813 2479 Lysiae
848 2394 995 2471 adscribi3
1028 2404 1058 2460 et
1088 2405 1190 2462 tamen

111 2533 177 2599 haee
207 2535 445 2600 inveniebantur
467 2535 499 2597 in
524 2533 732 2611 orationibus,
759 2555 837 2617 quae
861 2534 1039 2619 ceteroquin
1066 2536 1191 2600 formam

112 2677 225 2762 Lysiaoi
249 2678 367 2764 ingenii
391 2677 449 2741 sibi
466 2678 552 2760 quasi
568 2677 745 2761 impressam
763 2675 934 2753 habebant3
952 2684 982 2740 et
998 2685 1085 2741 erant
1100 2679 1194 2756 talia,

110 2837 179 2897 quae
202 2839 240 2879 ex
265 2814 505 2879 describenti-um
528 2836 628 2877 errore
653 2814 702 2876 vix
726 2813 871 2897 explicari
895 2836 984 2898 posse
1003 2814 1190 2882 viderentur.

110 2949 194 3015 Unde
217 2973 363 3036 apparere
387 2949 550 3034 putabam,
575 2950 683 3013 multis
706 2949 843 3026 casibus,
868 2951 963 3015 veluti
987 2961 1041 3017 aut
1064 2955 1197 3040 interpo-

111 3087 213 3153 lationi
245 3096 300 3152 aut
331 3087 489 3151 emissioni
520 3087 575 3149 has
607 3087 759 3150 orationes
792 3089 943 3171 expositas
972 3089 1084 3168 fuisse,
1114 3100 1197 3156 ante·

27 3280 28 3283 ,
112 3249 195 3309 quam
230 3227 377 3302 formam,
412 3246 473 3309 qua
507 3222 599 3305 hodie
627 3224 786 3302 feruntur,
818 3225 1001 3290 induissent.
1048 3227 1194 3313 Legimus

27 3364 28 3397 ³
111 3364 223 3448 aliquot
247 3386 302 3449 pro
326 3363 471 3446 integris,
496 3383 592 3445 quae,
618 3384 715 3444 quum
739 3362 887 3427 breviaria
902 3372 1023 3429 tantum
1040 3367 1114 3445 sint,
1131 3391 1193 3457 non

111 3504 166 3566 nisi
187 3502 328 3567 umbram
351 3500 468 3586 ingenii
491 3500 613 3585 Lysiaoi
635 3499 758 3565 habent.
795 3499 978 3580 Quodnam
995 3505 1195 3588 probabiliter

27 3674 28 3677 ¹
113 3641 292 3705 ostenderim
315 3661 407 3724 penes
431 3638 614 3702 benevolum
636 3638 782 3703 lectorem
805 3639 954 3704 iudioium
978 3648 1053 3706 esto.

154 3762 434 3842 commentationes
465 3773 522 3839 hae
550 3775 611 3838 iam
640 3776 730 3840 initio
754 3777 848 3842 huius
873 3780 945 3845 anni
968 3780 1007 3844 ad
1031 3779 1196 3845 editionem

116 3924 247 3998 paratae,
280 3920 411 3980 exeunte
442 3936 547 3978 mense
573 3913 667 3979 Iunio
690 3917 775 4001 prelo
798 3918 951 3984 subiectae
975 3928 1064 4000 sunt3
1088 3944 1196 3986 eorum

115 4053 204 4139 igitur
226 4078 305 4140 quae
329 4055 387 4117 hoo
412 4075 492 4117 anno
515 4053 554 4118 de
577 4054 669 4139 Lysia
693 4057 888 4140 prodierunt,
912 4059 1061 4125 rationem
1086 4061 1198 4129 habere

116 4213 172 4256 non
196 4193 287 4278 potui
310 4191 577 4274 („Westermann,
602 4189 828 4270 Quaestionum
851 4194 1046 4279 Lpsiaearum
1069 4221 1138 4282 pars
1159 4201 1200 4263 al-

117 4331 209 4408 tera,''
238 4352 431 4415 programma
460 4329 620 4414 Lipsiense
651 4330 744 4395 huius
768 4334 857 4411 anni;
886 4333 1125 4413 Rauohenstein,
1150 4336 1196 4399 ed.
