2958 5238
819 492 883 552 ltu

219 734 223 739 -
309 697 459 781 receptam
492 689 635 754 Διονυσίου
665 680 753 768 φίλου
785 688 860 760 ὄντος
892 691 941 754 aa>
964 688 1052 765 ξένου.
1100 688 1149 752 Ita
1171 689 1286 773 optime
1312 689 1381 751 ratio

310 799 450 876 affertur,
491 822 544 863 cur
577 799 752 864 Eunomum
786 800 927 864 comitem
959 800 1135 864 assumserit
1162 800 1381 885 Aristophanes.

310 911 402 990 Quod
423 911 499 976 alter
518 913 671 997 genitivus
695 912 862 996 (Διονυσίου)
887 934 922 975 ex
947 911 1041 975 altero
1057 912 1156 995 (φίλου
1171 912 1220 975 κοά
1236 910 1326 995 ξένου)
1342 933 1383 973 su-

310 1045 437 1106 spensus
469 1031 528 1099 est,
553 1022 631 1086 nihil
655 1022 734 1086 iuter
757 1021 1023 1106 pronunciandum
1046 1022 1148 1105 potuit
1171 1021 1337 1097 offendere,
1359 1031 1385 1084 et

310 1134 421 1197 similia
451 1133 524 1198 alibi
554 1134 771 1211 inveniuntur,
803 1133 900 1196 veluti
930 1131 1009 1195 Plat.
1033 1129 1128 1215 Legg.
1142 1130 1233 1196 VIII.
1260 1134 1323 1194 840
1345 1131 1383 1193 B:

310 1246 385 1319 νίκῆς
417 1242 500 1308 ’ἕνεκά
528 1243 626 1316 τάλνς
657 1245 705 1309 καὶ
737 1244 854 1326 δρόμων.
902 1243 972 1307 Alia
999 1267 1034 1307 ex
1057 1244 1185 1307 Platone
1208 1243 1302 1308 habet
1327 1244 1383 1305 nst.

311 1355 348 1418 ad
379 1356 473 1441 Legg.
505 1380 535 1441 p.
568 1361 626 1434 84,
660 1380 703 1440 sq.
737 1379 773 1419 cx
796 1355 975 1440 Thucydide
999 1364 1029 1419 et
1051 1356 1175 1440 tragicis
1198 1353 1385 1421 Lobeclr.ad

309 1467 358 1530 Ai.
384 1489 412 1551 p.
438 1469 513 1531 334.
549 1466 622 1531 Non
643 1468 745 1531 minus
769 1467 911 1553 ambigue
934 1467 1011 1551 duos
1035 1468 1154 1531 dativos
1170 1467 1272 1530 iunxit
1288 1466 1385 1551 Lysias

309 1579 361 1639 25.
387 1580 426 1642 27
453 1577 509 1641 sub
532 1579 553 1642 f.
577 1575 617 1649 οἷς
640 1579 697 1643 οὐδ’
719 1576 805 1653 άτοοξ
827 1578 1013 1654 ἐλυσιτέλησε
1037 1578 1201 1654 πιθομένοις.

351 1690 442 1773 §th
488 1688 622 1767 Demus,
646 1689 828 1773 Pyrilampis
854 1688 935 1752 filius
960 1711 1054 1773 quum
1078 1689 1110 1752 in
1127 1688 1276 1774 pecuniae
1292 1686 1386 1770 inopia

308 1808 478 1863 versaretur
510 1800 598 1884 petiit
626 1800 663 1864 ab
688 1808 806 1864 oratore
829 1810 865 1863 ut
889 1823 992 1865 secum
1016 1799 1254 1885 Aristophanem
1278 1798 1382 1871 adiret;

308 1910 458 1994 petiturus
486 1916 549 1974 erat
572 1909 609 1974 ab
633 1932 668 1973 eo
693 1910 823 1974 sedecim
845 1911 942 1974 minas
965 1919 1107 1989 mutuas,
1132 1933 1206 1994 quas
1230 1909 1325 1997 Cypri
1346 1908 1386 1972 illi

307 2022 483 2087 redditurus
512 2030 607 2099 esset3
640 2022 762 2086 interim
793 2022 928 2107 pignoris
952 2022 1019 2086 loco
1043 2022 1188 2085 daturum
1211 2044 1241 2085 se
1268 2043 1385 2086 aureum

307 2135 468 2220 poculum,
502 2133 585 2219 quod
617 2134 782 2220 aliquando
813 2156 830 2197 a
859 2134 942 2218 Rege
970 2142 1118 2219 tanquam
1146 2133 1318 2219 symbolum
1342 2133 1386 2196 hc

308 2246 415 2332 spitale
436 2247 610 2330 accepisset.
643 2245 681 2309 In
696 2246 775 2309 hanc
791 2246 972 2310 sententiam
989 2247 1079 2324 hene,
1097 2247 1221 2331 opinor,
1239 2245 1386 2330 Sauppius

307 2359 443 2443 scripsit:
475 2358 570 2435 λέγων
603 2360 629 2441 (ά
652 2361 766 2441 Δῆμος)
790 2355 833 2423 ὅτι
857 2359 951 2436 ἔλοιβε
974 2358 1122 2436 σύμβολον
1146 2359 1227 2438 aare
1245 2356 1385 2435 βασιλέως

307 2475 357 2534 τοῦ
381 2469 517 2545 μεγάλου
540 2469 651 2551 φιάλην
673 2479 797 2550 χρυσῆν,
823 2468 920 2533 δάσει
938 2471 962 2532 δ’
979 2470 1248 2551 Ἀριστοφάνει,
1272 2466 1386 2543 λοοβιὶιν
1459 2466 1460 2537 l

309 2578 461 2644 ἑκκοοιῆεκοο
487 2559 564 2658 (aucit
591 2581 637 2644 ἐντ’
661 2583 752 2660 οιύτῆ,
782 2577 821 2644 ἵν’
844 2579 858 2643 ἕ
862 2603 919 2660 χοι
942 2580 1109 2644 άνοολίσκειν
1131 2580 1170 2651 εἷς
1190 2580 1241 2653 τῆν
1266 2595 1385 2659 τρινροιρ·
1459 2556 1460 2595 ³

308 2692 397 2773 χάριν,
430 2692 489 2756 nisi
520 2690 602 2774 quod
633 2712 688 2775 pro
718 2688 752 2754 ἵν’
779 2691 841 2771 ἔχοι
870 2713 940 2755 cum
967 2690 1065 2754 Bakio
1088 2691 1294 2755 necessarium
1316 2694 1385 2773 puto

308 2800 344 2873 άς
367 2801 435 2879 ten
459 2810 529 2886 post
551 2799 584 2865 ἵν’
603 2800 665 2880 ἔχοι
688 2801 770 2865 enim
789 2809 944 2886 exspectes
963 2803 1146 2878 τάνοιγκνιῖνι,
1182 2800 1281 2863 Palat.
1301 2797 1384 2862 hahet

307 2922 418 2996 χρυσῆν
439 2915 475 2987 ὥς
498 2914 706 2995 Ἀριστοφάνην
729 2913 835 2991 λαβεῖν
858 2952 902 2962 -
925 2917 1000 2994 ονύτῆ
1024 2914 1060 2977 άν
1084 2912 1156 2993 ἔχοι.

349 3027 369 3109 p
392 3026 443 3088 28.
489 3024 536 3088 De
559 3024 772 3108 Aristophanis
797 3024 883 3088 honis
904 3046 995 3108 agens
1016 3032 1132 3086 orator:
1153 3025 1223 3086 άλλ’
1242 3024 1330 3085 ἐκεῖνο
1348 3019 1382 3082 ε’ν·

308 3137 457 3213 demicte,
481 3133 523 3201 ὅτι
552 3136 628 3220 [πρὶν
650 3136 814 3217 Νικοφήμῳ
833 3136 850 3211 ῆ
870 3137 919 3199 aa}
936 3132 1154 3218 Ἀριστοφάνει]
1176 3133 1239 3212 πρὶν
1259 3135 1312 3207 τῆν
1327 3153 1382 3194 νυν
1460 3158 1461 3181 1

308 3248 428 3328 ριοοχίοιν
448 3256 559 3320 νικῆσοοι
578 3255 624 3324 γῆ
643 3247 706 3324 μὲν
725 3246 775 3310 οὐκ
794 3242 826 3321 ῆν
845 3245 916 3310 άλλ’
934 3245 1090 3326 ῆχιορίδιον
1102 3244 1198 3324 μικρὸν
1210 3246 1381 3321 Ῥοομνοῦντλ

309 3359 359 3423 Ita
390 3358 481 3422 hodie
511 3359 572 3422 lere
602 3357 716 3442 legitur
743 3380 799 3443 pro
830 3382 867 3435 γε
895 3359 969 3433 wilt
1000 3355 1053 3419 sed
1083 3355 1137 3433 μέν
1160 3356 1262 3419 miuus
1288 3360 1382 3437 aptum

308 3470 437 3534 videtur.
475 3469 677 3534 Redeundum
695 3470 815 3533 videtur
832 3469 870 3532 ad
889 3468 1050 3532 lectionem
1070 3466 1205 3531 Palatini
1219 3491 1292 3549 ριιρν,
1311 3456 1382 3547 qued
1460 3514 1461 3549 ³

309 3605 362 3667 per
389 3583 579 3665 frequentem
607 3581 816 3645 confusionem
843 3579 1014 3643 litterarum
1045 3590 1105 3644 ΛΑ
1129 3586 1159 3642 et
1183 3587 1217 3643 M
1241 3573 1382 3641 exstitisse

308 3693 430 3757 videtur
453 3716 488 3757 ex
512 3691 608 3767 άλλῆι
636 3701 676 3770 γῆ
704 3694 860 3784 άλλῆούκ
884 3689 932 3768 ῆν,
957 3695 1026 3756 άλλ’
1049 3692 1066 3766 ῆ
1089 3717 1116 3757 κ.
1141 3716 1167 3754 τ.
1190 3691 1213 3754 ἕ.
1250 3691 1303 3773 (Fi
1323 3686 1382 3760 ἧμῗν
1460 3674 1461 3737 Ῠ

310 3806 475 3869 sententiae
506 3803 702 3888 adversatur).
750 3802 909 3867 Praeterea
940 3802 1087 3867 excidisse
1109 3801 1230 3865 videtur
1254 3798 1380 3867 dativus,

310 3938 371 4001 quo
388 3939 474 4000 aegre
495 3937 647 3992 caremus,
669 3915 869 3996 Ἀριστοφάνει
889 3922 958 3999 post
977 3911 1037 3992 ὃ’τι;
1058 3911 1235 3994 namverba
1253 3910 1296 3975 ibi
1314 3907 1381 3971 lecta

309 4026 461 4111 adscripta
490 4024 632 4089 videntur
661 4025 755 4089 fuisse
784 4026 817 4089 in
845 4027 981 4111 margine
1009 4026 1172 4090 alihrario
1195 4030 1232 4088 ut
1254 4023 1379 4085 lacunam

307 4146 377 4225 post
399 4135 440 4202 άτι
464 4161 499 4201 ex
522 4137 695 4201 coniectura
718 4137 883 4222 suppleret.

351 4251 368 4334 p
391 4252 443 4313 29.
474 4249 542 4314 ’Έτι
567 4247 595 4311 δὲ
618 4246 685 4326 πρὸς
707 4247 816 4319 τούτοις
839 4246 944 4312 οἴεσάοοι
966 4248 1024 4328 χρῆ
1047 4247 1161 4312 ἔτιτλοι
1181 4247 1279 4311 τολλά
1298 4261 1379 4308 κνισο-

307 4361 485 4437 λελοισένυι;
510 4360 559 4424 Sic
581 4367 705 4445 propter
728 4361 913 4424 sententiam
935 4359 1040 4423 malim
1063 4381 1154 4443 quam
1176 4380 1246 4421 cum
1268 4349 1379 4419 Reiskio

308 4469 396 4534 οἴεσθε
419 4479 533 4550 χρῆνοιι.
580 4469 666 4534 Libri
688 4469 792 4535 οἴεσάοιι
814 4480 930 4553 χρῆνοοι.
976 4469 1091 4536 Οἵεσάοιι
1114 4473 1189 4551 χρῆ;
1212 4489 1307 4547 „num
1322 4481 1379 4526 cou-
