2994 5234
613 433 673 493 191

104 625 184 708 quod
215 626 357 690 Dobrcus
383 626 469 689 affert
492 626 615 710 (Aesoh.
640 650 666 690 ο.
691 626 828 711 ctesiph.
855 626 907 692 75.
933 629 986 711 20)
1010 648 1046 688 eo
1070 625 1190 702 differt,

103 735 183 816 quod
213 736 258 799 ibi
293 737 344 809 τὴν
368 734 492 798 διόνοιαν
515 735 657 800 additum
681 744 736 800 est.
783 736 986 800 Marklandus
1010 735 1192 799 coniioiebat

102 841 216 907 πόντιον
240 846 299 910 cir.
325 848 375 919 ἧγ.
399 841 456 908 όσοι
478 845 606 920 ἐγένοντο
629 847 659 909 ἐν
683 847 795 917 ἐκείνοις
815 854 874 917 τοῖς
892 846 1019 927 χρόνοις,
1036 844 1192 928 Kayserus

103 952 217 1016 πόντον
240 950 295 1016 όσα
318 954 477 1029 γεγένηται
502 954 567 1037 (pro
590 951 661 1018 όταν
684 956 847 1039 γένωνται).
884 955 1004 1019 Scheib.
1030 953 1070 1018 ότ.
1091 955 1191 1018 ταύτόν

103 1064 241 1137 γένωνται
274 1062 338 1147 (vel
369 1061 503 1146 γένηται)
526 1064 638 1134 ε’κεόνοις
662 1072 721 1135 τοῖς
745 1064 863 1143 χρόνοις.
910 1064 968 1128 Sed
992 1065 1040 1129 his
1064 1063 1191 1127 adscitis

102 1173 282 1235 coniecturis
306 1171 444 1235 haerebis
467 1171 500 1234 in
521 1173 716 1235 coniunctivo
736 1174 917 1250 ε’νόνμνόῶσι.
943 1173 1084 1237 Fortasse
1096 1174 1193 1236 rarior

102 1281 197 1343 forma
227 1280 310 1344 verbi
336 1282 490 1357 μιμνήσκεο
517 1279 651 1344 librariis
681 1282 780 1346 fraudi
810 1282 870 1351 fnit
889 1290 920 1345 et
939 1283 1104 1367 legendum
1128 1291 1190 1346 est:

101 1387 168 1454 όταν
187 1395 355 1468 μεκνῶντκι
375 1395 431 1454 τῶν
455 1392 483 1453 ἐν
507 1390 618 1460 ε’κεόνοις
641 1397 700 1461 τοῖς
716 1390 836 1470 χρόνοις.
861 1390 899 1454 In
915 1392 1063 1474 proximis
1079 1395 1193 1456 κοόκεῖνο

102 1521 164 1562 esse
187 1499 369 1583 legendum,
394 1521 456 1563 non
479 1501 600 1564 κόκεῖνοι
624 1500 675 1562 vix
698 1507 745 1563 est
768 1501 852 1583 quod
875 1523 1027 1564 moneam.

143 1610 160 1692 b
185 1612 237 1671 14.
283 1609 351 1673 τότε
381 1608 435 1684 μὲν
466 1609 526 1687 γόορ
558 1609 637 1685 ὑμᾶς
671 1607 750 1689 ᾤοντ’
784 1609 967 1688 όργισόέντας
997 1608 1192 1686 Ascatancas*

102 1718 333 1794 οὶποδοκικιόσαι·
358 1719 409 1782 ε’όιν
432 1719 461 1781 δὲ
483 1723 583 1783 τοῦτον
608 1717 802 1799 δοκιαοόσντε,
835 1716 867 1782 εὖ
889 1717 1013 1783 εἴσονται
1036 1717 1079 1782 ότι
1103 1721 1133 1781 οὐ
1158 1719 1195 1781 δι-

103 1829 171 1910 καόοι
194 1829 296 1908 γνώμῃ
319 1828 381 1908 περὶ
406 1831 493 1892 αὑτοῦ
518 1828 668 1906 κέχρησθε.
704 1829 891 1907 Ὀργισόῆναι
916 1827 1029 1891 dieitur
1053 1827 1091 1890 de
1116 1827 1194 1891 iudi-

104 1959 171 2001 cum
203 1938 381 2014 severitate,
413 1937 563 2020 puniendi
594 1936 715 2013 studio,
750 1937 833 2020 quod
866 1959 935 2000 eum
966 1938 1063 2017 δικαόςι
1093 1937 1195 2016 γνώμῃ

104 2047 245 2110 iunctum
269 2069 333 2110 esse
356 2054 467 2130 potest.
500 2045 621 2109 Iniuria
639 2046 808 2110 Leodamas
829 2053 893 2109 erat
914 2046 1105 2129 improbatus
1111 2072 1120 2122 3
1142 2045 1195 2108 sed
1250 2030 1254 2035 .

104 2155 221 2238 ignosci
256 2162 376 2239 poterat
410 2154 586 2231 iudicibus,
622 2155 706 2238 quod
737 2155 908 2239 deliquerat
937 2154 1072 2236 aliquid,
1104 2154 1196 2237 culpa

104 2272 225 2328 tantum
248 2266 343 2327 nimia
365 2265 525 2328 severitate
545 2272 610 2327 erat
627 2273 809 2348 exaggerata
817 2291 826 2342 ;
845 2288 952 2328 verum
970 2267 995 2328 si
1013 2287 1095 2328 nunc
1114 2264 1197 2326 lenes

104 2397 135 2438 se
164 2374 283 2438 iudices
315 2382 522 2458 praestarent,
548 2375 761 2458 appariturum
785 2382 865 2451 erat,
891 2375 982 2438 aliam
1006 2375 1101 2437 fuisse
1125 2393 1194 2435 oau-

104 2505 167 2547 sam
191 2482 433 2560 condemnandi,
459 2505 587 2565 eamque
611 2483 769 2547 iniustam.
805 2486 899 2563 Ὀρνό
924 2491 954 2546 et
973 2483 1134 2563 ὀργίζεσθαι
1157 2481 1196 2543 de

103 2592 260 2656 iudicibus
291 2593 335 2655 sic
367 2592 507 2675 saepius,
539 2592 577 2655 cf.
614 2595 663 2656 la.
698 2597 717 2655 6
749 2600 780 2656 et
804 2595 856 2656 28.
883 2596 921 2655 2:
947 2594 1081 2672 ὑμέτερον
1104 2592 1196 2656 τοίνυν

104 2702 184 2780 ἔργον
217 2703 313 2776 ἐστι’ν,
341 2697 362 2764 ὦ
392 2699 490 2781 ἄνδρες
513 2702 674 2779 'radanciam
703 2702 751 2765 ἐπὶ
778 2709 836 2770 τοῖς
860 2702 993 2772 τοιούτοις
1017 2700 1195 2781 ὀργίζεσθαι,

104 2812 136 2873 in
160 2812 210 2874 his
233 2810 416 2875 criminibus
439 2831 557 2873 severos
580 2832 634 2872 vos
659 2818 813 2894 praestare
837 2810 963 2873 iudices.

147 2922 165 3005 b
191 2922 242 2983 15.
290 2921 357 2995 ὑμῖν
388 2920 418 2983 δὲ
450 2921 615 3003 (συμφέρει)
647 2917 720 2983 τόνδ’
753 2919 988 2999 οόποδοκιμοόσαι,
1017 2917 1114 2993 δόξετε
1136 2918 1196 2998 γόος

103 3031 233 3094 κοὶκεῖνον
255 3029 369 3099 δικαίως
392 3030 624 3105 οὶποδοκιμοόσαι·
650 3030 709 3093 ε’όιν
732 3029 768 3091 δὲ
791 3029 879 3103 μηδὲ
902 3027 1002 3109 τόνδ’,
1026 3028 1091 3093 οὐδ’
1111 3030 1197 3093 ἐκεῖ·

104 3162 157 3202 νον
181 3138 335 3209 δικαίας.
382 3138 470 3202 siin
493 3139 592 3202 verbis
616 3138 826 3215 haerebimus,
851 3136 1018 3222 probabilis
1043 3136 1195 3200 videbitur

104 3247 196 3311 lectio
227 3247 415 3311 Florentini:
448 3249 498 3312 ἐόιν
529 3249 558 3312 δὲ
588 3250 631 3326 μὴ
657 3249 742 3314 τόνδ’.
777 3248 881 3312 Verba
904 3248 984 3311 enim
1009 3268 1088 3329 quae
1111 3268 1195 3309 nunc

105 3357 251 3442 leguntur
282 3366 409 3421 sonant:
442 3360 491 3436 „si
521 3381 557 3423 ne
587 3363 666 3424 bunc
689 3362 806 3442 quidem
829 3355 1104 3442 improbaveritis.”
1152 3357 1195 3418 At

106 3466 183 3529 alter
208 3464 402 3549 (Leodamas)
425 3468 617 3551 improbatus
640 3469 748 3531 fuerat.
795 3467 854 3531 Sed
886 3467 924 3530 ad
948 3465 1130 3530 senteutiam
1154 3472 1198 3527 at

107 3575 312 3653 tendendum,
342 3598 420 3660 quae
444 3577 519 3640 haec
543 3582 606 3640 est:
631 3577 657 3639 si
680 3599 719 3640 ne
742 3576 780 3640 de
803 3576 861 3640 hoc
885 3576 1008 3660 quidem
1032 3575 1115 3636 iusta
1138 3582 1198 3637 sta-

7 3668 9 3679 *
107 3684 245 3760 meritis,
270 3684 368 3747 nihilo
391 3685 489 3769 magis
513 3684 550 3748 de
573 3685 628 3748 illo
652 3684 839 3748 videbimini.
879 3683 935 3746 Vis
959 3683 1128 3745 sententiae
1151 3690 1197 3746 est

107 3793 140 3856 in
164 3795 296 3875 δικαίας,
321 3794 408 3858 ouius
432 3795 518 3857 notio
543 3817 559 3856 a
580 3794 696 3880 protasi
715 3815 777 3858 non
796 3793 918 3857 exclusa
940 3800 996 3857 est.
1021 3791 1101 3855 Vere
1113 3814 1199 3875 prae·

108 3909 192 3965 terea
219 3902 389 3987 SauppiuS,
424 3925 470 3986 ep.
496 3903 562 3966 crit.
587 3926 617 3987 p.
641 3904 697 3966 17:
721 3903 792 3979 „uti
815 3902 867 3967 καί
888 3903 921 3965 in
946 3901 1104 3966 sententiis
1129 3922 1198 3964 eon·

109 4010 336 4086 „dicionalibus
368 4011 415 4097 uel
444 4011 724 4094 comparationibus
749 4010 796 4074 bis
820 4010 893 4095 poni
917 4010 1014 4086 solet,
1039 4010 1083 4073 sic
1107 4010 1200 4093 parti-

109 4119 234 4197 „culam
257 4121 430 4204 negativam
456 4116 688 4203 [compositamz
713 4120 790 4202 οὐδέ,
811 4120 898 4202 μηδὲ]
922 4119 1044 4201 utrique
1063 4118 1199 4182 membro

110 4227 271 4304 „videmus
296 4228 433 4292 additam
456 4229 553 4291 esse.''
599 4228 660 4291 Pro
683 4231 725 4305 μή
749 4229 846 4312 igitur
869 4228 942 4306 μηδὲ
966 4228 1111 4311 positum.

157 4338 173 4420 b
198 4340 248 4402 17.
295 4340 326 4402 οὐ
353 4338 413 4416 γόιρ
444 4337 585 4408 ἕλοόττοος
617 4338 723 4401 τούτων
755 4341 771 4413 ἡ
801 4338 886 4409 πόλις
910 4338 1050 4415 τετίμηκε
1073 4344 1129 4402 τῶν
1153 4335 1200 4398 ἐπὶ
