2958 5238
597 497 658 560 127

139 701 203 784 td.
250 696 370 761 Notatu
392 696 520 781 dignum
544 703 604 773 est,
629 695 722 760 duces
741 717 835 759 novos
856 717 874 758 a
892 694 1008 781 populo
1027 693 1169 758 suffectos

103 833 158 874 esse
186 811 223 873 iis
255 810 310 894 qui
341 808 380 872 ad
403 809 504 893 Aegos
526 806 670 871 Potamos
693 806 890 884 cecidissent,
914 806 998 892 quod
1021 817 1170 890 quantum

103 921 156 984 seio
184 920 268 984 solus
298 919 406 1004 Lysias
429 919 487 983 hoc
510 919 578 983 loco
602 917 717 982 iudicat
739 925 770 983 et
792 918 830 982 ab
853 919 998 983 historiae
1021 919 1174 1005 scriptori·

103 1031 151 1096 bus
173 1032 345 1117 neglectum
368 1038 423 1095 est.
453 1029 519 1094 Hos
543 1030 656 1094 detulit
678 1032 831 1114 Aguratus
838 1056 847 1108 3
872 1029 910 1095 of.
936 1032 986 1093 13.
1013 1032 1063 1094 18.

140 1143 231 1208 Plane
261 1143 409 1207 assentior
438 1141 554 1207 Cobeto
585 1142 616 1206 iu
647 1142 740 1227 longa
769 1142 823 1206 illa
852 1141 993 1227 periodo,
1026 1148 1173 1227 quaeest

19 1306 21 1313 .
103 1256 117 1338 p
136 1258 154 1318 4
175 1264 205 1319 et
227 1244 272 1340 sq.
299 1254 387 1319 verba
409 1254 615 1335 δυςτυγςοῦνπος
638 1259 688 1319 τοῦ
711 1254 800 1330 δήμου
819 1277 883 1318 esse
905 1253 1072 1318 omittenda
1090 1251 1172 1337 quod

19 1356 21 1379 ¹
104 1366 258 1451 impediant
281 1367 472 1430 seutentiam.
519 1365 579 1430 Sed
606 1365 732 1429 turbant
756 1366 846 1429 etiam
869 1366 1031 1451 partieipia
1052 1366 1173 1448 λνφόεός

20 1504 21 1507 “
103 1484 129 1538 et
154 1479 386 1554 ἀπελαυνόμενος
419 1499 496 1562 quae
527 1499 597 1541 eum
620 1476 754 1552 ἠόόλνσεν
776 1478 880 1541 iuncta
903 1476 1053 1541 elumbem
1078 1482 1108 1539 et
1130 1476 1175 1539 iu·

103 1590 274 1653 concinnam
297 1589 413 1654 faciunt
436 1598 620 1654 structuram
631 1616 640 1667 ;
664 1611 758 1674 quare
781 1597 850 1674 post
875 1589 1019 1654 πεόόεσόκι
1039 1595 1116 1674 puto
1131 1589 1175 1651 iu·

104 1702 249 1765 tercidisse
268 1701 380 1776 οὶλλοὶ,
398 1709 433 1765 ut
449 1701 608 1787 primariae
625 1702 792 1766 sententiae
808 1708 909 1787 partes
926 1702 1004 1765 sint:
1022 1700 1176 1779 ἕντοιοότῳ

105 1817 179 1892 καιρῷ
201 1813 322 1893 ληφόεός
344 1850 405 1894 -‚
426 1814 476 1876 οὐκ
498 1812 731 1886 ἀπελαυνόμενος
747 1813 801 1897 (τ.-
816 1814 866 1878 οὐκ
880 1812 1089 1894 οὶναγκασόεός)
1105 1812 1176 1875 αλλ’

106 1919 158 1996 ἐξόν
171 1928 228 1987 τῶν
242 1922 395 2004 τρισόκοντα
410 1924 558 2000 γενέσθαι,
575 1928 691 2001 μᾶλλον
702 1921 793 1989 εἵλετο
804 1924 963 1989 απολέσόαι
975 1927 992 2000 ἢ
1005 1924 1108 1988 ἐπιδεῖν
1116 1961 1161 1972 -
1167 1951 1176 2001 3

105 2052 174 2119 quae
197 2033 340 2118 periodus
365 2012 498 2099 rotunda
521 2043 567 2099 est
590 2044 621 2099 et
645 2035 785 2099 oratoria.
822 2032 916 2098 Vides
940 2035 983 2100 sio
1006 2037 1097 2099 etiam
1119 2056 1179 2098 me·

40 2218 41 2223 ¹
106 2141 159 2206 lius
181 2146 416 2223 ἀπελαυνόμενος
439 2153 470 2210 et
493 2145 555 2222 ἐξόν
578 2147 658 2210 inter
682 2169 713 2209 se
737 2147 868 2231 opponi,
893 2167 985 2231 quam
1004 2147 1036 2209 in
1058 2145 1181 2230 vulgata
1210 2181 1213 2185 Δ

106 2252 229 2320 leetioue
251 2257 382 2340 priorem
405 2258 566 2342 posteriori
590 2257 766 2321 sententiae.

145 2366 200 2431 out
231 2368 303 2437 ἰδίας
334 2369 440 2449 ἔχόροις
473 2369 660 2450 ὑπαρχούσης
683 2369 752 2450 πρὸς
785 2369 850 2442 τοὺς
878 2367 972 2451 ἄρξειν
998 2367 1181 2446 μέλλοντας,

110 2496 210 2563 nempe
234 2502 300 2543 oum
321 2485 397 2564 κ’ρεσ.
445 2479 626 2565 Legeudum
648 2480 804 2561 συνόρξειν.

148 2591 164 2673 ᾧ
187 2591 216 2654 7.
263 2592 418 2674 συνῄδεσαν
441 2592 499 2671 γόιρ
525 2589 635 2656 όόπασιν
658 2594 756 2665 αὐτοῖς
780 2593 834 2658 ὑπό
857 2602 909 2669 τῆς
929 2593 1040 2665 πόλεως
1054 2591 1181 2670 πιμυροὲ-
1258 2660 1260 2667 ,

111 2721 175 2776 νοις,
206 2700 255 2765 καὶ
278 2739 322 2751 -
344 2704 577 2785 κεκινδυνευκόσι,
610 2705 753 2782 μεγάλας
786 2705 809 2768 δ’
833 2706 965 2787 εΞςΦορόις
997 2703 1183 2784 εἷςενκνοχόσι

115 2814 153 2875 καὶ
175 2825 340 2877 λελειτου
346 2815 459 2892 ργνκό
465 2839 492 2878 σι
516 2814 666 2879 κοόλλισπα
676 2864 684 2895 ,
706 2814 754 2878 καὶ
775 2821 830 2879 τῶν
846 2814 944 2879 ἄλλων
956 2814 1062 2885 οὐδενός
1074 2812 1184 2878 πώποτ’

113 2921 287 2998 όποστοῖσιν,
311 2920 346 2988 ὧν
370 2926 386 2998 ἦ
411 2924 494 2995 πόλις
518 2928 615 3017 αὐτοῖς
639 2923 828 3006 προσέταξεν,
852 2923 935 2989 ἄλλα
954 2923 1101 3003 προθύμως
1118 2936 1187 2986 λει-

112 3041 265 3115 τουργοῦσι.
301 3036 339 3099 G.
364 3036 572 3139 ᾼ.Η1εεοὶιί3
604 3036 704 3121 (Mise.
737 3034 847 3098 Philol.
880 3043 910 3097 et
932 3034 1023 3098 Paed.
1048 3034 1118 3097 fasc.
1142 3033 1186 3096 ΙΙ.

19 3130 20 3133 ¹
113 3167 139 3228 p.
166 3148 584 3232 temporetempore
608 3147 829 3211 restituendum
853 3153 943 3233 putat
963 3145 1201 3227 κεχορνγγκόσι.

114 3266 259 3339 postrema
280 3281 342 3323 nou
364 3268 496 3323 mutans.
542 3258 672 3343 Propius
696 3281 766 3322 vero
790 3258 927 3335 videtur,
951 3257 1108 3321 librarium
1132 3255 1188 3319 fes-

20 3392 21 3401 *
113 3367 241 3432 tinauter
264 3377 445 3454 postremam
470 3392 574 3433 vocem
596 3369 765 3453 legentem,
791 3391 861 3432 oum
884 3375 1057 3448 λειτουργεῖν
1081 3389 1116 3430 ex
1140 3388 1188 3428 su-

117 3479 279 3560 perioribus
306 3480 337 3543 iu
368 3481 512 3544 memoria
536 3480 689 3558 haereret,
713 3481 771 3544 hoe
794 3479 989 3546 substituisse
1012 3466 1066 3564 pro
1089 3481 1190 3557 ὑπουρ-

117 3596 192 3671 γεῖν,
212 3597 249 3654 ut
267 3591 428 3676 legendum
448 3593 488 3656 sit
506 3593 748 3672 stetissemus.
772 3587 1190 3657 ΕκΑΕΙΤῙΙΟΎΡΓ.·οιειίεεο

119 3724 133 3761 υ
161 3701 271 3766 iactum
301 3709 348 3765 est
375 3710 586 3769 ΛΕΙΤΟΤΡΓ.
634 3702 704 3766 Alia
732 3702 900 3767 tentamina
923 3700 1009 3764 affert
1031 3697 1191 3763 Scheibius

19 3838 21 3893 ρ
72 3815 75 3820 ’
119 3808 149 3873 in
178 3811 273 3877 Praei.
306 3813 439 3877 Oobetus
469 3814 528 3877 tria
554 3821 705 3898 postrema
728 3813 875 3878 vocabula
898 3813 995 3876 eiecit.
1040 3810 1191 3896 Equidem

120 3921 226 3995 nollem
258 3925 370 3989 abesse.
417 3924 545 4011 Saepius
575 3924 682 4010 Lysias
714 3948 751 3988 ex
781 3925 970 4010 oppositione
999 3923 1192 3987 affirmativae

121 4038 282 4100 sententiae
314 4046 382 4121 post
412 4037 584 4121 negativam
614 4038 792 4122 gravitatem
820 4035 973 4119 quandam
1004 4032 1193 4099 asseveraudi

122 4148 235 4225 quaerit
257 4149 308 4231 (cf.
333 4148 371 4210 ad
394 4170 437 4212 or.
465 4150 527 4232 13).
562 4144 629 4211 Nee
648 4147 750 4224 obest,
775 4145 856 4230 quod
873 4167 1013 4230 praesens
1029 4151 1097 4229 post
1112 4165 1195 4229 prae-

123 4255 207 4320 terita
230 4260 369 4342 sequitur
392 4260 439 4344 (of.
465 4263 495 4322 3.
522 4262 575 4342 28)
599 4267 680 4322 etex
697 4278 869 4343 praegresso
887 4256 992 4328 οὐδενός
1009 4255 1194 4320 contrarium

124 4365 220 4432 πιόντα
243 4369 425 4453 cogitatione
449 4368 621 4433 addendum
645 4377 699 4433 est.

168 4480 253 4563 trs.
300 4481 454 4559 ἡγούμενος
483 4479 562 4560 αὐτῷ
589 4482 683 4555 καλὴν
713 4475 783 4543 εἶναι
813 4479 865 4553 τὴν
887 4475 1031 4553 ἀπόδειξιν
1054 4477 1104 4543 καὶ
1128 4475 1196 4556 πρός
