2958 5238
830 464 870 528 78

306 671 352 727 est
383 663 516 728 alienum
547 662 799 729 additamentum.
846 662 987 729 Pulcram
1023 664 1140 730 scilieet
1173 666 1329 731 victoriam
1361 668 1384 730 ei

305 774 451 838 dederant
480 776 596 844 iudices
628 776 660 839 in
691 776 855 839 certamine
882 798 952 840 cnm
975 776 1133 862 Dionysio.
1182 777 1300 842 Acerba
1322 799 1386 840 cnm

304 886 402 950 ironia
431 887 578 970 loquitur.
626 886 728 950 Multo
760 885 963 955 confidentius
987 887 1048 953 diei
1072 898 1187 974 potest,
1211 890 1303 954 verba
1325 886 1386 969 ἕνῇ

303 998 336 1061 in
366 997 492 1082 vulgata
522 1021 584 1063 non
613 1005 685 1083 apta
708 1021 781 1062 esse.
828 997 903 1063 Iure
929 998 1090 1084 Emporius
1114 1000 1290 1086 requirebat
1312 1002 1340 1064 ἐν
1360 994 1386 1081 ᾧ.

305 1109 497 1176 Probabilius
528 1118 630 1175 temen
662 1114 708 1172 est
738 1109 773 1185 θ,
807 1132 843 1173 cx
872 1131 934 1195 qno
957 1133 1052 1194 quum
1076 1133 1149 1176 casu
1170 1110 1190 1194 ᾖ
1211 1111 1386 1189 exstitisset,

303 1221 445 1286 librarius
469 1223 497 1288 ἐν
520 1220 640 1284 addidit
662 1219 724 1304 (Αιν
745 1241 831 1303 quem
850 1242 907 1285 noo
928 1226 1085 1287 mmereret
1106 1224 1280 1308 Dionysos).

348 1335 428 1418 §27
454 1339 484 1401 et
507 1335 548 1394 θθ
573 1331 755 1394 certissimas
779 1333 969 1395 coniecturas
993 1332 1125 1397 Dobrei:
1149 1334 1276 1406 πολλοὺς
1295 1335 1325 1398 δὲ
1343 1334 1385 1399 κοιδ

304 1445 412 1516 καλοὺς
442 1444 581 1514 κινδύνους
602 1465 656 1527 pro
679 1443 728 1506 κοιδ
755 1441 882 1526 ἄλλους,
907 1452 937 1509 et
960 1444 1188 1509 Westermenni
1210 1447 1227 1529 p
1250 1448 1312 1509 29:
1335 1453 1387 1515 τοῖς

303 1556 357 1633 μὲν
385 1555 501 1633 σώμοισι
529 1553 681 1632 δθνοιντοιι,
705 1560 772 1625 τοῖς
796 1553 825 1616 δὲ
847 1560 965 1635 ψυχοιῖς
990 1557 1041 1619 οθκ
1065 1556 1197 1635 ἰσχύουσι
1217 1578 1274 1640 pro
1297 1555 1388 1635 ἔχουσι

305 1675 441 1750 receptas
464 1665 613 1749 oportuit.
649 1665 666 1748 p
690 1665 731 1725 28
754 1665 795 1744 τῷ
818 1664 936 1744 εἰρηκότι
961 1671 1138 1750 corruptum
1163 1675 1248 1750 puto.

327 1758 365 1862 'd
387 1781 440 1842 314
488 1776 517 1848 ὃς
552 1777 635 1853 μόνος
653 1777 751 1851 ἐπειδη
774 1776 899 1856 τάχιστ’
921 1776 1123 1861 ἕδοκιμόσθην,
1156 1777 1313 1856 ἐπεξῆλθον
1337 1788 1387 1852 τοῖς

303 1889 458 1969 τριόκοντοι
488 1890 517 1952 ἐν
547 1887 647 1968 Ἀρείῳ
679 1886 778 1967 τόνῳ.
825 1887 970 1972 Pugnant
993 1887 1067 1952 haec
1091 1896 1194 1973 aperte
1217 1868 1329 1976 eum-p
1350 1895 1387 1967 4,

306 2001 361 2064 ubi
391 1999 466 2069 dicit
499 2001 538 2061 13
571 2020 603 2062 se
636 2019 730 2061 annos
754 2005 862 2061 natum
885 1998 997 2076 fuisse,
1022 2020 1084 2082 quo
1107 2005 1243 2084 tempore
1267 2009 1387 2086 patera

302 2111 428 2195 triginta
451 2110 523 2174 viris
546 2110 768 2173 interficeretur
774 2136 784 2186 3
813 2109 982 2173 secundnm
999 2109 1072 2173 haec
1088 2109 1257 2188 ἐδοκιμάσθη
1275 2113 1388 2196 aliquot

303 2222 390 2287 annis
414 2230 483 2307 post
507 2222 618 2286 eiectos
638 2220 765 2305 triginta
780 2220 876 2298 viros,
894 2242 955 2304 quo
973 2243 1044 2284 sane
1060 2227 1196 2305 tompore
1212 2244 1274 2288 non
1291 2223 1389 2309 potuit

207 2366 211 2375 =
304 2356 355 2397 eos
379 2355 519 2401 accusare
544 2333 597 2417 qui
621 2331 739 2405 dudum
762 2333 875 2395 mortui
899 2338 1017 2409 essent,
1041 2332 1168 2396 fortasse
1188 2332 1388 2399 Eratosthene

248 2453 252 2463 '
303 2453 333 2509 et
355 2444 495 2512 Phidone
518 2450 640 2507 tantum
663 2443 797 2526 exeeptis
818 2443 867 2526 (ct.
885 2442 923 2506 ad
939 2464 982 2506 or.
1004 2445 1065 2527 la).
1100 2442 1198 2506 Miror
1213 2445 1388 2530 interpretes

303 2555 360 2619 hac
391 2554 429 2618 de
460 2577 492 2619 re
523 2554 672 2629 tacuisse,
696 2575 753 2616 nec
777 2552 865 2616 video
888 2553 1042 2639 quomodo
1065 2576 1114 2618 me
1137 2554 1208 2619 hino
1232 2555 1386 2641 expediam

286 2667 361 2731 ‘nisi
384 2665 547 2729 statuendo
570 2675 720 2729 oratorem
742 2666 759 2749 p
782 2668 802 2727 θ
823 2664 1019 2749 impudenter
1034 2666 1175 2744 mentiri,
1193 2688 1253 2750 quo
1269 2667 1386 2731 facilins

302 2801 334 2843 se
364 2786 493 2869 purget3
525 2776 578 2841 sed
609 2776 669 2840 iam
700 2783 768 2840 tum
798 2798 868 2840 cum
891 2778 1019 2862 triginta
1042 2778 1274 2843 dominarentur
1293 2799 1385 2842 annos

301 2891 363 2955 fere
388 2891 428 2953 16
445 2898 560 2957 ,natum
582 2886 686 2951 fuisse.
731 2887 782 2951 De
806 2888 964 2952 authentia
987 2887 1081 2952 huius
1104 2889 1268 2965 orationis,
1287 2908 1385 2973 quam·

300 3004 346 3068 vis
368 3001 545 3066 dubitanter
568 2998 931 3083 Harpocratioloquatur
951 3001 986 3084 (εἰ
1006 3000 1142 3076 γνήσιος,
1164 3022 1236 3064 voce
1252 3000 1384 3064 θτίλλεν

301 3123 332 3180 et
355 3113 428 3179 alibi
451 3113 488 3176 ef.
513 3111 680 3175 Hoclscher
704 3135 734 3196 p.
761 3114 812 3197 75)
830 3112 955 3176 minime
971 3111 1179 3177 dubitandum
1195 3110 1327 3176 videtur.
1344 3144 1383 3162 w

302 3225 443 3308 Denique
477 3220 652 3286 addendum
685 3244 722 3285 ex
753 3223 770 3306 d
802 3225 841 3286 12
878 3244 1022 3307 apparere
1057 3223 1299 3287 Theomnestum
1328 3242 1384 3285 nou

303 3343 424 3403 tantum
454 3334 524 3401 falsi
553 3333 722 3398 testimonii
744 3333 796 3396 sed
820 3341 976 3418 practerea
997 3334 1089 3397 etiam
1112 3333 1282 3398 calumniae
1306 3354 1384 3396 aeon·

304 3448 451 3513 sationem
481 3446 652 3513 instituisse
659 3471 668 3522 3
703 3445 830 3508 fortasse
863 3452 967 3509 tamen
1002 3444 1040 3508 ad
1074 3466 1166 3509 unam
1202 3444 1383 3527 eandemque

303 3558 412 3643 respici
443 3578 574 3625 causam.
621 3555 859 3636 Ψενδομοιρτνρίοι
892 3554 1014 3639 quidem
1048 3554 1102 3621 illa
1137 3555 1313 3620 continebat
1341 3577 1383 3618 ca

302 3671 467 3748 lumniam,
492 3677 528 3732 ut
550 3668 689 3752 quamvis
712 3689 773 3731 non
789 3690 826 3732 ex
841 3667 971 3731 inridioa
987 3666 1126 3731 vocabuli
1141 3667 1303 3746 sententia,
1320 3686 1390 3729 vere·

302 3792 403 3847 tamen
433 3779 512 3844 illud
535 3778 688 3843 iudicium
711 3777 774 3857 περὶ
802 3777 977 3858 κοικηγοοόοις
1000 3776 1100 3843 dicere
1123 3784 1243 3862 posset:
1267 3776 1316 3842 κοιὶ
1335 3777 1380 3844 σθ·

301 3895 349 3965 τὸς
368 3893 421 3971 μὲν
441 3891 528 3957 Θέοινι
544 3889 720 3970 κακηγορίας
738 3888 858 3954 ἕδοιοόσιο
876 3889 983 3954 εἰπόντι
1004 3888 1032 3953 o'
1044 3888 1184 3969 θόρίφένινι
1196 3886 1377 3962 suadeatis·

301 4001 423 4068 Nomen
454 4002 586 4066 Theonis
616 4000 693 4065 mihi
723 4000 832 4084 utique
863 4006 1059 4085 suspectum3
1091 4000 1124 4062 in
1156 3999 1229 4084 epit.
1252 4001 1269 4084 t
1292 4002 1311 4061 6
1333 3994 1381 4060 nbi

301 4116 377 4181 haec
404 4113 495 4179 verba
524 4120 706 4199 repetuntur
734 4111 887 4185 omittitur
914 4118 944 4175 et
967 4118 1037 4175 ante
1060 4110 1166 4175 εθτόντι
1190 4109 1314 4174 additur
1334 4109 1377 4186 τῷ.

302 4224 404 4306 Quare
427 4225 494 4290 vide
517 4246 591 4289 num
615 4222 779 4308 legendnm
801 4223 858 4287 site
886 4221 936 4286 κοιδ
960 4221 1047 4293 οιθτδς
1071 4220 1123 4299 μὲν
1143 4219 1311 4297 Θεόμνηστε
1330 4240 1377 4284 κον·

301 4337 437 4416 coeptae
470 4336 589 4401 threaten
615 4338 655 4417 τῷ
678 4334 786 4400 εἰσιόντι
808 4333 836 4398 σ’
859 4333 998 4416 retroire
1020 4333 1072 4406 την
1093 4331 1215 4398 οὶοτόδοι.
1252 4334 1377 4396 ΘΕΩΝΙ

301 4471 338 4512 ex
360 4447 539 4534 compendio
563 4455 711 4513 ΘΕΟΜΝ
734 4446 885 4510 exstitisse
907 4445 982 4529 satis
1005 4443 1170 4529 probabile.
