2994 5234
815 439 879 499 220

302 640 333 696 et
349 633 448 696 multa
464 632 524 695 alia
539 639 683 696 conatum
703 634 832 697 actionis
849 635 1011 719 significat.
1041 635 1080 698 In
1097 634 1208 699 Oobeti
1224 642 1255 698 et
1269 635 1378 698 Scheihi
1474 638 1475 691 1

301 740 361 823 (ed.
390 744 419 825 l)
442 741 575 805 lectione
603 744 709 815 adroic
732 745 849 814 τούτους
875 744 1009 808 otiosum
1032 744 1109 807 mihi
1132 744 1255 807 videtur
1276 745 1378 815 ούτούς.

301 850 340 915 In
371 851 498 936 reliquis
530 873 608 933 quac
637 851 718 915 inest
745 853 898 916 sententia
921 853 1030 917 similis
1054 861 1101 916 est
1125 854 1170 930 ei,
1196 875 1286 935 quam
1308 852 1380 915 inve·

300 960 403 1023 nimus
426 960 458 1024 in
479 960 617 1024 oratione
637 961 718 1025 κοιτύι
741 961 865 1032 Φύλιονος
883 962 954 1047 (31)
973 965 1033 1026 33:
1059 962 1144 1039 μόνος
1171 961 1220 1043 δύ,
1240 957 1261 1025 ὦ
1279 960 1378 1041 βουλή,

299 1069 412 1140 diaulus
442 1069 499 1133 οὐδ’
526 1067 562 1133 ύον
590 1070 774 1145 οὶγοινοικτούν
806 1071 848 1146 μὲν
878 1072 995 1150 τνχύν,
1026 1071 1100 1134 nim.
1129 1070 1245 1148 Philo,
1269 1070 1304 1133 dc
1326 1091 1379 1154 quo
1476 1128 1477 1155 ,

298 1177 455 1256 δοκιμοιούοο
478 1178 620 1242 habetur.
666 1178 781 1256 „Solus
812 1179 862 1243 hic
885 1188 950 1258 est,
975 1181 1029 1264 qui
1052 1182 1162 1263 (quum
1186 1202 1240 1242 vos
1263 1180 1379 1243 olimin

297 1287 465 1371 „periculis
488 1286 670 1371 deseruerit)
693 1310 732 1352 ue
756 1289 822 1374 ipse
846 1289 970 1373 quidem
994 1291 1061 1354 iure
1077 1290 1176 1373 possit
1192 1301 1280 1373 aegre
1295 1290 1379 1365 ferre,

297 1397 347 1473 „si
378 1396 442 1459 voti
473 1418 597 1480 compos
629 1419 691 1461 uon
723 1398 847 1462 fucrit.'’
869 1398 1012 1470 -Τούτοις
1043 1400 1162 1478 τούτοις
1196 1399 1326 1480 pertinet
1347 1397 1380 1460 ad
1477 1426 1478 1451 ι

298 1504 519 1589 deprecatores.
567 1505 627 1570 Sed
651 1507 762 1571 mirum
788 1507 1016 1593 quodammodo
1040 1516 1087 1572 est
1102 1509 1332 1573 incitamentum
1347 1508 1381 1571 ad

298 1615 508 1693 severitatem3
538 1616 590 1680 isti
622 1616 648 1680 si
679 1617 818 1682 studiose
841 1626 872 1681 et
895 1619 973 1682 serio
998 1620 1169 1705 (προθύμως)
1193 1615 1381 1683 defenderent

297 1721 538 1801 Nicomachum,
570 1747 632 1788 uon
665 1727 833 1809 exspectari
866 1733 1002 1811 poterat,
1036 1735 1071 1791 ut
1102 1735 1172 1792 ante
1196 1751 1299 1792 omncs
1321 1728 1381 1791 reli·
1478 1718 1479 1733 ³

298 1854 374 1915 quos
405 1833 565 1898 laudarent
590 1835 885 1899 condemnationem.
931 1835 1012 1899 Tum
1036 1837 1129 1899 etiam
1151 1836 1286 1919 reliquos
1310 1857 1380 1899 com·

295 1944 457 2006 memorari
484 1966 538 2028 par
565 1954 631 2008 erat
655 1966 788 2030 quorum
811 1945 964 2008 iudicium
987 1945 1088 2030 pluris
1112 1945 1287 2009 faciendum
1310 1951 1380 2007 esset
1479 1980 1480 1987 .

290 2075 388 2135 quam
413 2053 655 2137 deprecatorum.
702 2054 846 2118 Fortasse
869 2055 902 2118 in
926 2055 1035 2125 τούτοις
1059 2054 1178 2136 τούτοις
1202 2055 1288 2118 alind
1311 2054 1380 2137 quid

298 2163 393 2241 latet,
427 2163 516 2249 quale
548 2164 579 2228 in
607 2166 762 2249 Ageratos
783 2167 800 2247 h
824 2168 883 2230 97:
909 2165 1013 2230 ἔτειτοο
1035 2172 1109 2234 τοῖς
1134 2168 1245 2229 τοῖσιν
1269 2165 1382 2244 atropat-

295 2297 380 2372 τοις
408 2273 505 2349 δόξετε
535 2273 633 2340 δίκαιοι
663 2275 714 2338 κοιὶ
746 2274 811 2339 ύοινν
840 2275 1030 2356 ψηφύσοιούοοι
1065 2276 1112 2357 (nt
1143 2275 1293 2358 scriptum
1315 2273 1381 2336 olim
1480 2238 1481 2279 Ξ

296 2383 389 2446 fuerit
411 2392 471 2454 τοῖς
495 2407 534 2447 τ.
546 2432 572 2448 ..
595 2385 708 2468 ρύτοις)
716 2433 725 2462 ,
743 2392 798 2448 aut
814 2384 964 2469 quaedam
979 2392 1049 2468 post
1065 2383 1184 2463 τούτοις
1200 2384 1379 2447 exciderunt.

342 2491 400 2555 His
424 2492 520 2576 igitur
547 2493 735 2573 emendatis,
760 2502 816 2558 aut
840 2503 937 2571 certe,
963 2500 1072 2578 utpote
1095 2493 1264 2577 corruptis,
1288 2495 1318 2556 in
1340 2493 1380 2555 iu·

294 2602 374 2666 dicio
405 2603 530 2667 ferendo
562 2605 722 2688 sepositis,
754 2605 833 2669 nihil
864 2604 1004 2681 invenio,
1034 2603 1117 2688 quod
1139 2603 1251 2687 Lysiae
1274 2600 1377 2666 rationi

290 2720 452 2796 repugnet.
496 2713 704 2778 inveniuntur
732 2736 805 2777 sane
829 2716 862 2778 in
885 2714 1049 2798 Epicrates
1072 2721 1104 2776 et
1126 2712 1230 2776 Prima
1252 2712 1284 2774 in
1304 2709 1376 2773 Alci·

292 2820 414 2885 biadem
436 2823 595 2887 nonnullis
618 2824 694 2888 locis
718 2824 825 2888 eadem
850 2831 942 2908 atque
964 2824 997 2886 in
1013 2820 1239 2899 Nicomachus,
1257 2820 1307 2883 sed
1321 2818 1374 2903 pri·

294 2953 378 2995 mum
410 2931 481 2995 illae
506 2934 658 2997 orationes
681 2933 780 2996 nihilo
803 2933 945 2997 meliores
969 2938 1042 2994 sunt
1064 2936 1171 2993 nostra
1178 2955 1188 3007 ;
1213 2939 1279 2992 tum
1300 2923 1371 3012 quod

295 3041 354 3104 loci
386 3064 563 3106 communes
587 3043 790 3107 inveniuntur
812 3042 932 3106 nullam
955 3040 1047 3104 habet
1071 3040 1133 3102 vim
1157 3032 1371 3102 demonstrandi

295 3151 355 3214 nisi
377 3151 469 3215 simul
492 3151 690 3230 ostendatur,
715 3151 815 3215 alieno
843 3151 911 3215 loco
935 3173 1000 3215 esse
1023 3149 1239 3234 interpositos,
1260 3155 1294 3210 ut
1315 3164 1371 3228 pro

296 3260 370 3323 dant
401 3260 617 3323 dormitantem
649 3268 704 3324 sut
733 3262 872 3344 ineptum
905 3260 1075 3341 rhetorem,
1109 3258 1163 3341 qui
1187 3257 1268 3320 locos
1290 3252 1371 3317 unde·

295 3392 416 3454 cunque
446 3377 609 3454 congerat,
645 3378 679 3433 ut
708 3369 827 3433 iustum
859 3368 1008 3432 ambitum
1039 3368 1223 3432 declamatio
1245 3363 1368 3448 accipiat.

295 3479 368 3544 Tale
398 3479 473 3563 quid
505 3479 646 3562 equidem
678 3501 831 3561 nusquam
863 3478 914 3541 hic
937 3477 1153 3562 deprehendo,
1176 3501 1233 3542 nec
1256 3475 1304 3539 alii
1328 3471 1369 3534 de·

294 3589 538 3674 prehenderunt,
563 3591 588 3652 si
612 3588 735 3676 recedas
760 3611 778 3652 a
799 3588 940 3665 Dohreo,
965 3589 1016 3651 eui
1040 3589 1189 3651 transitus
1213 3587 1251 3650 ad
1266 3586 1366 3649 hirtum

178 3701 182 3707 ⁴
292 3701 309 3784 q
340 3702 381 3775 943
413 3700 505 3764 nimis
536 3700 687 3783 abruptus
714 3697 878 3762 videbatur
885 3723 894 3774 3
919 3696 1001 3760 idem
1025 3697 1184 3760 tamenin
1207 3697 1367 3759 universum

293 3810 462 3873 orationem
498 3809 607 3894 probat
638 3809 687 3890 (cf.
721 3807 760 3870 ad
792 3806 859 3869 init.
892 3829 922 3890 p.
956 3808 1042 3892 255).
1090 3805 1129 3868 Iu
1160 3805 1283 3890 reliquis
1307 3804 1368 3865 sunt

293 3917 401 3982 acerba
425 3924 456 3981 et
478 3925 577 3982 acuta.
625 3916 698 3980 Non
722 3922 797 3979 sunt
819 3915 991 3979 rhetoricae
1014 3914 1248 3979 declamationis
1271 3907 1369 3975 similia

293 4031 310 4114 q
343 4030 359 4093 7
392 4032 447 4091 τῶν
473 4031 595 4090 τοιοῦτοι
616 4025 762 4101 λενύντον
784 4048 812 4089 κ.
836 4048 865 4089 τ.
890 4025 919 4099 ἕ,
943 4046 1022 4107 quae
1046 4046 1082 4087 ex
1106 4023 1253 4108 temporis
1275 4039 1368 4106 oppor·

293 4137 429 4200 turritate
453 4136 560 4198 hausta
584 4134 699 4217 optime
716 4133 913 4196 illustrantur
937 4139 967 4195 et
990 4131 1230 4215 comprobantur
1245 4130 1370 4195 oratione

294 4247 438 4314 vicesima
461 4246 570 4334 quinta
577 4270 586 4322 3
610 4245 626 4327 q
653 4246 709 4306 13:
734 4243 807 4313 alais
830 4244 920 4307 τοίνυν
944 4243 1122 4320 ε’νύνιοεῖούοιι
1145 4267 1173 4307 κ.
1186 4267 1214 4307 τ.
1228 4243 1268 4317 ἑ.;
1288 4240 1368 4323 qtl:

292 4359 338 4430 τίς
360 4354 406 4422 οὖν
428 4361 501 4441 τῶν,
525 4379 553 4429 κ.
576 4379 604 4427 τ.
629 4353 651 4421 ἑ.
690 4350 896 4416 Acerbissima
920 4351 1069 4415 suntsed
1094 4373 1165 4414 vera
1187 4372 1264 4436 quae
1284 4348 1319 4411 de
1333 4365 1370 4407 ss
