3002 5240
613 479 652 543 tl

96 680 230 756 ρρριένων.
268 678 401 763 Flagitat
424 679 589 755 sententia,
614 688 649 742 ut
671 677 820 742 scribatur
843 674 909 755 τρὸς
933 674 1002 752 ἐμοῦ
1024 675 1169 750 ὡμολογη-

95 790 193 868 μένων,
224 794 303 856 nitet
328 794 385 855 tibi
409 780 507 856 ratu‘m
530 796 589 855 erit
610 812 708 855 eorum
732 811 807 873 quoe
823 793 961 873 promisi.
1008 784 1087 848 Xon.
1111 777 1171 845 Au.

95 902 118 964 Ι.
141 907 169 965 9.
195 905 257 966 2οε
282 905 469 982 ὁμολογεῖται
501 904 568 984 τρδτ
600 901 715 967 πάντων
738 900 888 981 κράτιστος
911 899 1054 975 γενέσθαι.
1097 894 1168 959 Oec.

97 1016 129 1090 4,
152 1016 188 1076 2:
213 1014 384 1091 ἀδοξοῦντα
407 1015 473 1094 πρὸς
496 1020 551 1080 τῶν
574 1014 692 1080 πόλεων.
738 1012 818 1076 Plat.
841 1010 936 1095 Legg,
961 1007 1017 1073 IV.
1042 1008 1104 1072 712
1128 1005 1169 1071 lt:

96 1124 273 1204 ἀρχαιοτάτη
306 1132 405 1190 πασῶν
432 1125 481 1190 καὶ
505 1126 573 1206 πρὸς
596 1124 711 1189 πάντων
733 1123 881 1202 ἀνθρώπων
904 1120 953 1186 καὶ
977 1122 1056 1198 ἡμῶν
1079 1120 1172 1184 αὐτῶν

95 1234 240 1311 λεγομένη.
288 1236 367 1301 Xon.
392 1235 464 1300 Oec.
492 1238 550 1300 16:
574 1239 625 1312 τὴν
649 1235 707 1300 asia
729 1273 774 1284 -
797 1235 840 1299 δεῖ
861 1230 932 1299 εἶναι
951 1233 1040 1306 &aba
1060 1228 1102 1297 dn
1115 1229 1173 1306 μα-

95 1360 175 1409 λιστα
205 1347 276 1425 πρὸς
305 1353 355 1412 τοῦ
379 1348 465 1423 ἡλίου.
512 1347 708 1412 Constructio
732 1346 805 1410 baec
828 1344 956 1409 Ionibus
979 1351 1009 1406 et
1031 1340 1172 1425 tragicis,

95 1457 238 1543 Aeschylo
263 1458 457 1543 potissimum
480 1459 688 1542 frequentata,
705 1457 807 1543 potuit
830 1454 959 1520 subinde
974 1452 1172 1538 scriptoribus

95 1567 196 1631 Atticis
220 1567 369 1633 excidere.
416 1567 488 1632 Non
519 1579 623 1654 aptum
657 1590 737 1645 esse,
771 1587 887 1632 servam
917 1565 977 1631 dici
1009 1562 1125 1648 aliquid
1155 1585 1173 1625 a
1297 1564 1303 1576 ’

96 1677 209 1744 domino
227 1686 403 1766 pepigisse,
427 1687 482 1744 aut
505 1680 542 1744 de
566 1680 669 1763 aliqua
690 1702 724 1742 re
742 1680 950 1743 interservam
968 1662 1169 1741 abdominum

97 1797 271 1870 emesenae,
301 1791 432 1874 quisque
455 1789 543 1854 facile
567 1790 686 1854 sentiet.

133 1902 149 1984 d
170 1904 222 1965 22.
269 1903 358 1974 Εἰδὼς
378 1902 401 1964 δ’
420 1903 477 1979 ἐγὼ
495 1899 537 1967 ὅτι
558 1906 719 1976 τηνικαῦτα
739 1900 830 1982 (ἡλίου
855 1899 905 1975 ἤδη
925 1898 1080 1981 δεδυκότος)
1099 1897 1171 1977 α’φτ-

97 2010 192 2086 γμένρς
215 2013 315 2077 οὐδὲν
339 2010 380 2076 ἂν
402 2013 604 2093 καταλήψοιτο
627 2009 693 2078 αἴκα
716 2018 770 2077 τῶν
793 2011 965 2086 ἐπιτηδείων.
1011 2008 1060 2072 Ita
1084 2006 1170 2072 MSS.

99 2119 181 2186 Οὐδέν
202 2122 368 2208 legendum
392 2145 456 2187 esse
479 2145 542 2188 uon
563 2124 662 2189 οὐδένα
686 2124 809 2208 (Belle.)
833 2121 996 2207 persuadet
1018 2121 1059 2186 H.
1079 2119 1173 2184 Frob-

100 2228 210 2316 berger,
235 2233 350 2298 Philol.
374 2233 443 2298 XV.
468 2258 498 2319 p.
524 2236 603 2310 3403
627 2259 697 2303 nam
712 2235 876 2300 familiares
892 2234 949 2298 sub
965 2241 1085 2297 noctem
1100 2254 1172 2295 sane

102 2339 170 2405 domi
192 2352 290 2409 erant.
338 2345 396 2409 Sed
420 2367 482 2410 non
505 2345 581 2410 mibi
604 2347 743 2433 probavit
765 2345 802 2411 ab
825 2369 894 2411 cum
917 2346 1022 2410 futuro
1044 2342 1172 2429 optativi

103 2449 172 2536 iungi
202 2478 303 2540 posse.
344 2456 402 2522 ”Aa
433 2478 502 2522 cum
534 2466 628 2544 optat.
658 2480 712 2544 per
742 2481 773 2523 se
804 2458 864 2522 iam
891 2457 988 2522 futuri
1016 2455 1170 2520 notionem

103 2566 332 2649 comprehendit,
364 2586 420 2632 nec
450 2568 546 2635 forma
576 2570 660 2634 verbi
690 2570 796 2635 futura
822 2569 989 2654 quidquam
1013 2588 1090 2653 opus
1113 2572 1169 2629 est.

100 2668 154 2737 Nec
178 2678 413 2742 ratiocinatione
444 2679 501 2747 hoo
533 2682 639 2744 confici
670 2687 788 2766 potest3
821 2703 909 2766 saepe
939 2702 1012 2744 usus
1036 2676 1169 2762 speruit,

102 2801 165 2863 quae
186 2789 264 2852 ratio
287 2808 350 2852 uon
373 2788 533 2877 improbat.
569 2791 651 2856 Bene
675 2800 776 2857 actum
800 2793 873 2869 erit,
891 2793 916 2855 si
933 2813 1022 2855 usum
1031 2838 1041 2867 ,
1061 2793 1097 2855 de
1115 2811 1170 2872 quo

100 2899 175 2973 ymas
197 2904 333 2964 coactare
353 2903 453 2978 debet,
477 2903 594 2965 ratione
617 2902 778 2967 defendere
801 2904 962 2988 possimus.
998 2901 1031 2964 Si
1053 2901 1170 2964 ratione

101 3002 207 3070 lantum
238 3009 390 3095 agendum
422 2999 517 3090 esset,
547 3014 677 3078 dicerem
700 3012 736 3077 clv
759 3036 829 3077 cum
852 3014 956 3076 futuro
980 3013 1107 3097 optativi
1130 3030 1169 3076 ne

101 3112 150 3177 8111)
176 3122 353 3188 condicione
385 3124 508 3208 quidem
532 3114 648 3210 aliquid
676 3126 708 3190 in
731 3126 837 3189 futuro
861 3123 954 3188 dubio
979 3124 1077 3188 maius
1102 3146 1168 3208 pro·

101 3240 216 3309 Ponere,
240 3232 295 3298 sed
317 3242 437 3300 tanturn
462 3237 626 3321 probabile.
662 3237 776 3302 Verum
800 3237 833 3301 in
855 3237 942 3301 nullo
963 3258 1057 3321 paene
1073 3257 1169 3298 exem·

102 3331 144 3414 Plo
171 3345 365 3409 consentiunt
398 3347 478 3411 libri.
525 3347 622 3412 Locos
657 3348 780 3433 collegit
810 3348 988 3424 Btumlcin,
1021 3345 1168 3410 Untersu·

102 3442 326 3535 eburgensium
349 3458 398 3523 die
422 3459 637 3524 Griecbisoben
662 3460 765 3538 Modi,
789 3483 819 3546 p.
841 3461 915 3522 296.
947 3456 1076 3522 Omissis
1091 3456 1167 3533 illis,

104 3551 134 3618 de
161 3565 267 3643 quibus
294 3569 360 3652 ipse
383 3569 520 3648 dubitat,
546 3579 661 3636 restant
684 3570 761 3635 Xen.
787 3570 847 3634 ΟΡ.
872 3569 945 3634 VII.
970 3573 1000 3633 3.
1028 3570 1066 3630 10
1077 3612 1086 3644 ,
1110 3566 1168 3652 Ly-

104 3683 175 3753 lfflg·
203 3676 235 3740 in
265 3678 371 3743 Leocr.
405 3683 442 3743 l5
468 3689 498 3745 et
522 3690 624 3746 noster
647 3683 741 3747 locus.
766 3680 826 3745 Sed
848 3680 982 3765 Lycurgi
1006 3686 1036 3742 et-
1058 3677 1167 3761 Lysiae

105 3770 176 3843 libris
197 3785 226 3850 in
249 3790 303 3854 tali
327 3791 518 3857 dubitatione
541 3816 602 3858 non
626 3795 758 3858 multum
775 3792 972 3857 tribuendum
988 3798 1043 3856 est.
1075 3788 1167 3874 Apud

107 3879 171 3952 Xan.
193 3917 250 3963 non
275 3901 470 3966 consentiunt
493 3902 599 3980 codd.;
623 3926 679 3988 pro
701 3906 730 3968 τί
752 3903 789 3969 ἄν
811 3904 932 3977 ποιήσας
955 3926 996 3965 σα
1019 3903 1167 3983 χαρίσαιτο

108 3994 199 4071 (lenna
227 4009 368 4087 barbara,
397 4012 514 4097 opinor)
538 4013 701 4098 legendum
724 4036 793 4078 cum
817 4012 976 4078 Dindorfio
1000 4012 1166 4092 χαρίσαιτο.

142 4110 156 4192 l
176 4117 222 4181 24·
266 4120 449 4202 αἰνεῲγαέαης
472 4133 524 4199 τῆς
541 4125 690 4205 deiparae}
707 4125 829 4198 ὑπὸτῆς
844 4124 987 4204 ανθρώπου
1006 4146 1164 4202 παρεσκευ-

108 4221 222 4299 ασμένης.
267 4231 339 4297 Non
370 4235 514 4319 intellego
546 4235 620 4319 quid
652 4236 710 4301 sibi
739 4236 834 4300 velint
857 4241 1053 4319 praeparatae
1076 4232 1164 4295 fores.

109 4318 173 4393 1011·
194 4342 239 4404 καὶ
262 4352 317 4418 τῆξ
337 4345 479 4422 ανθρώπου
502 4346 791 4427 παρεσκευασμένης,
814 4353 935 4412 aalma.

143 4441 222 4523 129.
254 4453 379 4521 Nullam
403 4457 479 4521 mibi
499 4447 722 4524 eacusationem
739 4459 849 4525 babere
864 4457 985 4522 videtur
1000 4477 1074 4519 usus
1096 4475 1167 4518 con·
