2958 5238
593 502 656 563 139

98 700 185 764 canda
207 702 279 786 quid
302 702 416 765 facturn
432 708 510 765 esset
528 725 545 764 a
560 712 659 786 pratre,
678 724 821 786 apparere
837 700 957 764 demum
975 693 1166 762 auditoribus

97 812 217 877 debebat
240 836 276 877 ex
299 814 353 891 iis,
378 835 455 897 quae
478 812 517 877 de
540 813 666 896 reliquis
682 813 803 877 filiabus
820 821 1008 889 constarent,
1025 831 1087 874 non
1102 816 1168 870 tan·

97 947 181 1008 quam
210 934 317 988 notum
349 934 378 988 et
410 932 527 989 certum
551 925 699 1009 proponi3
723 923 805 1008 quod
829 925 855 987 si
877 924 990 986 factum
1015 931 1110 995 asset,
1135 918 1166 980 in

96 1035 166 1099 illud
195 1037 304 1100 vitium
335 1036 492 1100 incidisset
521 1044 640 1113 orator,
665 1035 748 1119 quod
771 1036 913 1120 principii
936 1034 1043 1120 petitio
1067 1028 1168 1115 appel-

97 1146 146 1209 lari
167 1147 252 1211 solet.
298 1148 383 1211 Dicit
405 1147 531 1211 alteram
554 1147 678 1210 cessisse
694 1145 866 1210 Philomclo
882 1145 1025 1230 pauperi,
1042 1143 1167 1206 alteram

96 1256 234 1322 Phaedro.
280 1259 413 1323 Tertiam
444 1258 532 1322 diviti
560 1257 739 1322 collocatam
765 1280 846 1335 esse,
870 1279 933 1320 non
956 1264 993 1319 ut
1015 1254 1080 1317 doti
1103 1275 1169 1338 par·

96 1376 168 1432 acret
187 1354 296 1454 pater,
328 1370 382 1434 scd
409 1371 482 1454 quia
506 1369 581 1435 berre
604 1376 747 1432 moratus
771 1374 849 1432 esset
872 1366 1107 1452 Aristophanes,
1132 1386 1167 1427 ex

97 1479 137 1542 his
166 1480 269 1566 colligi
299 1482 403 1558 debct3
434 1482 472 1545 cf.
496 1483 514 1566 d
534 1483 585 1545 17.
633 1479 762 1544 Accedit
790 1479 873 1564 quod
895 1480 944 1544 κνιὶ
969 1474 1168 1559 Ἀριστιφνίνιι

95 1591 124 1654 τὸ
151 1591 222 1668 ἴσον,
254 1616 350 1679 quae,
381 1594 408 1655 si
435 1592 552 1670 credie,
580 1592 662 1656 dicta
685 1600 760 1655 sunt
780 1614 853 1676 pro:
877 1594 928 1666 τὴν
952 1591 981 1655 δὲ
1003 1593 1113 1670 Ἀριστ.
1137 1586 1170 1651 τὸ

96 1700 146 1765 ἴσον
167 1704 294 1781 ἐπιδούς,
319 1702 482 1766 admodum
506 1701 635 1766 turbant
657 1701 768 1766 locum.
809 1702 969 1787 Adscripta
992 1707 1065 1764 sunt
1087 1723 1105 1762 a
1127 1721 1171 1761 se-

96 1811 162 1875 dulo
185 1813 317 1898 quodam
341 1813 393 1877 sed
413 1813 588 1898 importuno
603 1814 778 1898 interprete.
818 1812 1092 1877 Rauchensteinius
1107 1833 1169 1874 non

24 1914 25 1919 ἵ
96 1935 246 2010 perspecta
268 1926 529 2011 argumentatione
554 1928 629 2010 end
656 1929 692 1989 lt
719 1948 861 2010 apparere
885 1932 990 2009 putat,
1013 1923 1090 1986 duas
1106 1932 1171 1986 tan·

97 2043 157 2099 tum
180 2037 258 2101 filias
281 2036 427 2101 habuisse
448 2037 578 2100 oratoris
600 2044 727 2121 patrem.
769 2037 829 2100 Pro
851 2036 997 2115 ἀδελφιδῷ
1015 2034 1044 2098 δὲ
1063 2033 1172 2112 Φιιιῦρῳ

96 2147 146 2213 ὄντι
167 2151 355 2229 Μνῤῥινιυσίῳ
378 2148 496 2212 dudum
519 2171 555 2211 ex
576 2148 698 2233 Taylori
714 2148 888 2211 coniectura
901 2147 1069 2231 repositum
1086 2166 1171 2228 opor-

96 2259 151 2322 tuit
179 2261 227 2324 ιὶδ.
259 2259 283 2322 δ’
309 2258 366 2322 ὄντι
397 2269 432 2324 Φ.
461 2261 502 2339 τῷ
529 2270 573 2325 Μ.
621 2258 809 2323 Concinnius
839 2258 882 2320 sic
912 2258 1026 2341 legitur
1060 2255 1169 2338 (πένητι

95 2369 273 2448 γεγενημένῳ
298 2408 343 2418 -
369 2369 515 2452 ἀδελφιδῷ
535 2370 559 2433 δ’
575 2367 660 2453 ἕντι),
686 2392 778 2453 quam
801 2369 828 2431 si
850 2368 907 2432 ὄντι
931 2368 1041 2431 eiicias.
1089 2364 1169 2428 Casu

96 2481 235 2545 omissum
267 2504 284 2543 a
314 2480 437 2545 librario
465 2482 550 2544 etin
574 2482 709 2564 margine
732 2461 878 2573 scriptum
903 2479 957 2544 dari
982 2480 1081 2543 alieno
1103 2477 1170 2541 loco

95 2591 236 2656 insertum
261 2599 315 2655 est.
586 2672 587 2675 Ἴ

131 2706 225 2788 tlt).
272 2701 375 2782 Quum
407 2702 514 2766 Conon
545 2703 680 2788 legatum
710 2703 742 2767 in
774 2702 908 2767 Siciliam
936 2704 1055 2766 mittere
1078 2698 1171 2763 vellet

99 2812 310 2898 Aristophanes
333 2811 425 2894 ᾤχετο
454 2815 583 2886 ὑποστὰς
607 2815 687 2889 μετὰ
710 2816 839 2891 Εὐνόμου
862 2814 911 2877 nai
935 2813 1058 2892 Λνσίιν,
1083 2810 1171 2890 φίλον

95 2920 161 2997 ὄντος
185 2924 237 2988 καὶ
261 2922 355 3007 ξένον,
386 2925 418 2988 τὸ
442 2926 549 2998 πλῆθος
571 2923 604 2988 τὸ
627 2925 760 3004 ὑμέτερον
783 2924 901 2989 πλεῖστ’
926 2923 1029 3001 tyana
1054 2944 1169 2995 ιιενιιιν-

95 3034 185 3111 dccc,
218 3038 255 3108 ὡς
287 3038 344 3114 ἐγὼ
375 3038 486 3110 alcima
516 3043 571 3101 τῶν
598 3040 626 3101 ἐν
658 3044 787 3116 Harpasa?
813 3037 895 3121 [τῶν]
921 3032 1169 3115 παραγενομένων.

62 3218 64 3224 Ι
96 3143 201 3211 Parum
225 3154 295 3232 apta
319 3146 439 3211 videtin
462 3147 535 3212 haec
560 3140 722 3212 ambitiosa
743 3147 927 3232 praedicatio
948 3147 1123 3210 meritorum
1139 3145 1172 3208 in

96 3257 320 3341 rempublicam.
367 3258 533 3339 Quaeritur:
567 3267 739 3344 praeterea,
775 3260 862 3323 cuius
897 3259 982 3339 φίλος
1016 3257 1065 3321 acl
1096 3256 1171 3332 ξένος

96 3364 196 3450 Lysias
219 3368 349 3434 dicatur.
389 3369 470 3434 Nam
492 3370 636 3454 inquilini
657 3371 811 3454 (parciaco)
828 3369 1036 3434 condicionem
1051 3369 1089 3431 iis
1105 3391 1169 3431 ver-

22 3480 23 3483 ’
97 3474 139 3539 bis
167 3480 333 3563 significari
363 3503 425 3545 non
455 3490 547 3566 puto,
579 3489 616 3545 ut
638 3483 746 3546 statuit
769 3482 885 3546 Bakius
909 3505 938 3567 p.
966 3484 1045 3558 lan,
1070 3480 1173 3565 potius

98 3589 271 3654 crediderim
301 3601 336 3654 ut
366 3591 460 3675 vulgo
484 3591 533 3676 (cf.
559 3593 583 3654 si
606 3593 686 3655 tanti
709 3592 788 3656 Xen.
813 3595 873 3656 An.
896 3591 941 3655 Π.
968 3595 996 3654 l.
1021 3596 1059 3670 4,
1083 3591 1172 3655 Dem.

101 3701 145 3764 18.
177 3705 236 3779 46,
271 3702 323 3786 bl)
355 3702 397 3764 sio
428 3701 478 3765 hic
507 3723 629 3786 qnoque
661 3701 698 3764 dc
730 3703 862 3766 amicitia
886 3712 916 3766 et
939 3702 1072 3786 hospitio
1095 3702 1174 3766 inter

98 3812 224 3893 privatos
248 3835 312 3876 esse
336 3812 542 3896 cogitandum.
589 3812 684 3876 Porro
712 3836 750 3877 ne
774 3816 909 3897 potuisse
933 3813 1057 3898 quidem
1081 3813 1174 3876 Athe-

98 3921 228 3987 niensem
257 3924 442 4007 inquilinum
472 3926 525 4008 qui
554 3925 732 4010 perplures
757 3948 852 3989 annos
877 3925 1007 3989 Athenis
1029 3926 1174 4003 vixisset,

99 4054 184 4097 snum
205 4035 282 4110 ξένον
304 4057 409 4099 vocare
432 4044 544 4100 statuo.
584 4036 712 4100 Accedit
724 4036 806 4120 quod
823 4037 957 4101 Ennomi
972 4037 1045 4099 civis
1064 4058 1174 4100 nomen

100 4150 165 4206 ante
193 4144 301 4230 Lysiae
332 4146 477 4231 inquilini
507 4146 589 4210 nude
612 4149 747 4233 positum
771 4170 834 4211 csse
859 4149 902 4210 sic
926 4155 961 4209 nt
984 4169 1079 4230 paene
1102 4147 1176 4211 deli·

100 4260 191 4320 tescat
221 4282 326 4344 parum
358 4259 513 4343 probabile
545 4268 607 4337 est,
637 4266 668 4323 et
695 4259 854 4324 Eunomus
879 4260 963 4323 solus
985 4261 1001 4342 b
1024 4262 1065 4321 23
1089 4259 1175 4322 testis

102 4366 216 4450 citatur.
261 4371 402 4456 Denique
433 4371 470 4434 de
498 4371 608 4455 Lysiae
639 4372 791 4457 legatione
820 4372 899 4436 nihil
923 4393 1051 4455 usquam
1076 4370 1176 4455 prodi-

105 4483 163 4542 tum
187 4491 240 4545 ast.
276 4481 378 4561 Quare
402 4504 503 4546 veram
525 4490 600 4566 puto
623 4481 750 4569 Sarippii
773 4483 977 4547 coniecturam
1001 4481 1174 4549 aSchcibio
1257 4517 1259 4521 ·
