2958 5238
630 453 692 514 lla

121 656 215 720 tribus
246 653 335 718 anuis
367 659 437 716 ante
469 650 669 727 Erasistrato,
701 651 754 734 qui
774 675 819 731 ex
842 651 940 716 tribus
964 651 1034 714 filiis
1058 649 1201 714 Eratonis

120 778 181 832 tum
204 768 266 831 iam
289 764 402 828 mortui
425 762 509 827 solus
532 762 564 826 in
584 762 659 827 urbe
678 762 799 840 aderat,
822 761 906 827 litem
926 761 1114 840 intenderat,
1133 783 1203 825 eon-

120 877 244 942 teudens
277 882 374 939 totam
403 872 622 938 haereditatem
652 872 794 937 Eratonis
826 872 885 937 sibi
912 872 1024 938 deberi.
1071 871 1202 937 Causam

119 988 166 1052 ille
194 984 389 1063 obtinuerat,
414 1007 449 1049 eo
474 994 602 1062 eventu,
626 990 663 1047 ut
685 984 788 1048 statim
811 983 988 1048 Erasistrati
1010 982 1090 1047 bona
1113 1005 1201 1047 oocu-

119 1109 217 1185 paret,
239 1104 295 1162 aut
315 1103 395 1160 certe
415 1116 565 1180 occupare
585 1101 764 1170 conaretur,
786 1116 893 1178 agrum
913 1092 1086 1178 Spbettium
1107 1116 1202 1177 quon·

119 1209 184 1273 dam
208 1215 239 1274 et
263 1206 484 1292 Oioyunensem
508 1227 578 1269 cum
601 1203 701 1269 domo.
749 1203 885 1268 Alterius
909 1203 965 1267 filii
987 1203 1202 1288 Erasiphontis

120 1318 195 1383 bona
216 1341 291 1384 cum
314 1318 455 1382 similiter
478 1316 537 1382 sibi
561 1314 745 1380 vindicasset
768 1322 868 1393 actor,
893 1337 947 1401 pro
972 1337 1007 1379 eo
1030 1315 1204 1380 intercesse-

14 1462 15 1469 τ
119 1439 184 1493 rant
215 1429 330 1494 affines.
377 1428 468 1493 Unde
500 1449 613 1492 novum
645 1426 794 1492 iudicium
824 1426 990 1490 conflatum
1018 1434 1098 1504 erat,
1133 1449 1202 1490 oum

119 1540 218 1605 subito
250 1540 353 1604 omnia
381 1539 461 1604 bona
485 1537 625 1626 Eratonis
649 1538 722 1601 fisco
746 1536 949 1601 vindicantur.
997 1536 1085 1601 Hanc
1108 1538 1203 1623 igitur

119 1650 267 1715 bonorum
289 1649 528 1735 publicationem
553 1670 636 1712 nunc
660 1655 744 1712 actor
764 1649 942 1732 impugnat,
963 1656 1069 1733 petens
1087 1657 1123 1713 ut
1143 1672 1203 1714 ma·

118 1770 187 1826 neat
221 1771 303 1825 certe
336 1762 369 1825 in
404 1760 596 1845 possessione
627 1780 733 1823 eorum
763 1781 840 1842 quae
870 1758 990 1823 dudum
1020 1759 1203 1844 possedisset

118 1871 303 1956 (Erasistrati
327 1871 509 1956 bonorum),
533 1870 651 1956 reliqua
674 1871 790 1934 civitati
812 1892 1020 1935 concessurus.

158 1984 435 2049 Demonstraturus
459 1983 572 2068 igitur,
596 1982 740 2046 Eratonis
764 1981 843 2047 bona
859 1981 918 2046 sibi
933 1981 1053 2060 deberi,
1070 1983 1202 2067 primum

117 2096 278 2182 pecuniam
302 2093 340 2158 ab
363 2117 419 2159 avo
443 2116 499 2158 suo
522 2093 569 2157 illi
592 2100 734 2157 mutuam
757 2091 859 2157 datam
881 2115 945 2157 esse
967 2092 1042 2157 dicit
1058 2094 1201 2158 maiorem

118 2230 208 2293 quam
232 2206 332 2270 omnis
356 2206 396 2269 sit
417 2227 465 2270 res
480 2205 637 2270 familiaris
657 2187 696 2268 ab
715 2203 847 2268 Eratone
865 2205 970 2269 relicta
986 2207 1013 2290 (b
1029 2208 1046 2267 2
1063 2206 1203 2270 rolmara

118 2319 177 2395 δύο,
210 2316 283 2382 coll.
313 2318 331 2402 d
360 2319 375 2381 7
405 2316 531 2387 πλείονος
555 2316 572 2391 ἢ
595 2316 744 2381 ταλάντου
767 2317 955 2399 τετίμηται);
979 2324 1044 2380 tum
1068 2315 1202 2379 ostendit

118 2429 246 2495 testibus
278 2426 452 2513 productis,
483 2426 536 2490 illa
567 2427 646 2491 bona
676 2427 735 2492 sibi
766 2428 826 2490 iam
857 2426 1001 2491 archonte
1025 2426 1201 2491 Xenaeneto

119 2539 175 2624 (01.
201 2544 256 2606 94.
281 2541 313 2622 4)
337 2537 511 2603 adiudicata
534 2559 600 2601 esse
622 2540 639 2623 p
663 2540 682 2599 t
707 2544 738 2601 et
762 2540 792 2601 3.

158 2651 259 2729 Tum,
284 2673 321 2714 ne
345 2650 413 2734 quis
436 2650 513 2713 forte
534 2647 730 2712 contenderet
745 2649 778 2713 in
793 2670 920 2713 recensu
936 2648 1102 2727 bonorum,
1121 2671 1200 2734 quae

122 2764 190 2828 fisco
223 2757 505 2848 postularenturl),
538 2758 686 2844 quaedam
722 2759 834 2824 omissa
866 2782 945 2837 esse,
977 2758 1089 2843 quibus
1120 2770 1203 2824 actor

120 2875 234 2940 etiamsi
269 2895 360 2938 causa
383 2871 503 2936 caderet
526 2870 672 2935 damnum
695 2878 797 2934 tamen
819 2869 1011 2955 aliquatenus
1033 2879 1137 2955 posset
1159 2893 1204 2934 re·

122 2987 245 3063 sarcire,
270 2992 381 3048 cuncta
403 2984 436 3047 in
460 2981 576 3045 indices
598 2981 693 3045 relat-a
715 3004 779 3045 esse
802 2980 912 3066 probat
933 2984 950 3067 p
973 2984 1003 3044 4.

161 3080 303 3181 Denique
333 3116 371 3158 ne
401 3093 470 3177 quis
500 3092 681 3156 severiorem
709 3084 879 3155 erectorem
909 3114 927 3155 a
956 3090 1078 3155 civitate
1099 3091 1202 3176 'quam

123 3231 140 3270 a
159 3206 288 3293 privatis
310 3204 399 3268 illum
419 3202 616 3268 contenderet
628 3202 666 3287 1),
691 3203 733 3281 si,
757 3223 853 3287 quum
870 3208 959 3265 antea
975 3223 1012 3264 ex
1026 3201 1113 3266 bouis
1129 3202 1202 3266 Era·

122 3319 199 3382 tonis
222 3324 341 3403 partem
364 3324 485 3380 tautum
507 3315 708 3400 possedisset,
725 3337 808 3378 nunc
824 3315 926 3378 omnia
941 3312 1001 3377 sibi
1015 3313 1196 3391 vindicaret,
1297 3356 1301 3363 f

13 3494 14 3507 2
124 3430 197 3494 nihil
225 3428 361 3513 amplius
384 3449 416 3492 se
438 3448 521 3490 nuno
545 3425 621 3490 velle
644 3431 747 3510 petere
768 3433 873 3490 monet
896 3446 987 3510 quam
1011 3425 1131 3488 tertiam
1154 3424 1204 3489 de-

14 3614 15 3617 ,
123 3538 252 3604 bitorum
282 3546 418 3624 partem,
454 3558 577 3622 sperans
608 3536 751 3600 nimirum
783 3535 840 3600 hac
871 3534 1054 3600 liberalitate
1085 3535 1201 3599 animos

13 3626 15 3669 l
125 3650 254 3716 iudicum
278 3674 309 3715 se
333 3650 391 3715 sibi
414 3648 650 3713 conciliaturum
672 3648 689 3731 d
712 3649 730 3709 5
755 3667 821 3730 sqq.

165 3763 248 3828 Haeo
271 3784 348 3849 quae
372 3783 441 3826 cum
464 3759 636 3845 pulvisculo
660 3781 697 3822 ex
719 3758 855 3821 oratione
871 3764 1034 3835 eruuntur,
1052 3778 1201 3821 summam

125 3896 226 3940 causae
247 3876 415 3941 continent.
462 3873 569 3937 Restat
585 3878 621 3935 ut
635 3871 674 3935 de
690 3871 819 3956 singulis
834 3869 1016 3956 quibusdam
1033 3869 1199 3933 videamus.

165 3985 331 4067 Quaeritur
353 3987 434 4051 euim
456 3983 579 4070 quaudo
602 3985 677 4048 haec
700 3983 779 4047 aetio
801 3983 998 4060 instituatur,
1024 3989 1130 4046 utrum
1145 4003 1200 4065 pu·

126 4093 239 4162 blicatis
261 4100 323 4163 iam
345 4096 432 4161 bonis
456 4105 485 4159 et
509 4095 541 4159 in
557 4095 663 4159 fiscum
686 4094 807 4171 relatis,
826 4116 864 4158 an
881 4117 942 4180 quo
958 4102 1092 4180 tempore
1108 4092 1201 4156 etiam

127 4207 179 4273 sub
193 4211 293 4275 iudice
308 4233 344 4275 ea
359 4231 450 4273 causa
465 4214 552 4273 esset.
587 4206 727 4272 Sectione
745 4210 765 4270 l
783 4205 824 4271 ὅτι
836 4207 865 4272 δὲ
876 4205 978 4273 πάντα
990 4206 1202 4288 δημεύεται,

129 4366 302 4379 ——.

159 4449 182 4515 l)
199 4451 285 4525 Causae
302 4453 358 4517 bae,
377 4468 419 4504 our
436 4451 529 4519 singula
545 4452 691 4508 afferuntur,
709 4466 722 4499 a
739 4464 777 4498 mo
794 4446 916 4515 suppletae
933 4452 998 4498 sunt.
