3002 5240
172 670 330 735 Decretum
353 669 467 733 factum
490 669 601 747 fnisse,
627 691 689 753 quo
714 669 798 734 solus
820 670 993 735 Andocides
1009 670 1120 735 diserte
1136 678 1210 735 tem·

133 783 185 867 plis
215 781 443 859 excluderetur,
475 805 574 867 neque
587 775 590 782 ’
605 783 703 867 prima
736 805 835 866 neque
867 782 960 847 altera
990 782 1125 846 oratione
1149 782 1211 845 An·

133 895 241 959 decidis
272 894 427 980 proditum
461 902 576 971 exstat3
609 917 696 958 secus
728 894 810 980 apud
833 892 1088 978 Pseudo-Lysiam
1109 895 1126 978 q
1150 894 1209 956 24:

131 1009 175 1071 κοιῖ
204 1008 458 1088 τροςεψηφῖσοισθε
485 1009 567 1086 ὑμεῖς
597 1007 685 1072 οιὺτὺν
708 1007 851 1088 εἴργεσθαι
873 1015 927 1082 τῆς,
948 1008 1060 1087 οὶνοροῖς
1083 1005 1131 1070 κοιῖ
1155 1011 1210 1069 τῶν

122 1115 201 1198 ’ἱερῶν
232 1126 262 1182 et
292 1119 309 1203 q
333 1121 372 1180 52
400 1118 448 1183 τὸν
471 1118 570 1194 νόμον,
596 1115 624 1182 ὃν
650 1119 732 1195 ὑμεῖς
755 1117 865 1200 ἔθεσθε,
890 1115 1032 1197 εῖρμεσὺοιι
1055 1123 1110 1181 τῶν
1133 1117 1210 1194 ἱερῶν

133 1229 213 1294 ιιὺτὸν
234 1232 270 1302 οῖς
293 1231 435 1310 οῖλιτνὶριον
459 1229 538 1295 ὑντοι.
561 1283 563 1287 .

171 1340 263 1426 Apud
293 1340 549 1426 Pseudo-Lysiam
582 1362 643 1405 non
675 1347 796 1405 tantum
824 1342 899 1405 rami
923 1340 1069 1426 supplicis
1092 1340 1123 1404 in
1146 1338 1211 1423 My-

132 1452 286 1517 steriorum
310 1454 512 1519 celebratione
536 1452 667 1538 depositi
691 1453 777 1517 nulla
799 1455 913 1517 mentio
938 1451 1210 1536 estlAnd.110),

133 1563 179 1627 sed
209 1565 299 1629 etiam
331 1566 369 1630 de
391 1566 541 1650 mysteriis
566 1587 664 1629 sermo
688 1572 733 1628 est
757 1572 902 1651 tanquam
925 1563 1111 1629 instantibus
1133 1564 1150 1648 q
1174 1565 1213 1637 5:

133 1677 175 1738 xci
205 1677 271 1741 τίνοι
299 1677 417 1754 γνώμην
448 1676 530 1741 οἴεσθ’
558 1675 630 1753 ἕξειν
652 1677 718 1748 τοὺς
741 1676 859 1752 μύστοις
882 1676 947 1747 τοὺς
970 1676 1209 1758 ἀφικνουμένους,

133 1788 202 1864 -ἢ
224 1789 291 1860 τοὺς
314 1787 423 1860 ἄλλους
447 1784 596 1864 Ἕλληνος
620 1784 647 1853 οῖ
662 1787 745 1853 ἕνεκοι
760 1789 871 1862 τοιὺτης
886 1795 938 1860 τῆς
954 1788 1070 1868 ἑορτῆς.
1086 1786 1211 1870 ,(ἔρχον-

133 1897 198 1962 τιιιῖ
221 1899 303 1964 And.
323 1903 351 1964 l.
373 1903 428 1985 32)
453 1901 470 1975 ἢ
494 1900 565 1965 θύειν
584 1902 622 1973 οῖς
642 1902 751 1976 τοιύτην
771 1901 823 1975 την
846 1901 1005 1981 τοινηνυριν
1025 1900 1209 1982 βουλόμενοι,

134 2009 290 2091 ἢῖεωοεῖνς

173 2122 264 2207 Apud
297 2121 486 2187 Andocidem
516 2121 679 2207 Cephisius
711 2122 824 2199 delert;
841 2120 935 2206 ,apud
957 2119 1212 2204 Pseudo-Lysiam

134 2232 148 2314 q
174 2235 214 2295 42
245 2233 321 2297 haec
350 2234 511 2318 leguntur:
544 2231 611 2306 ἴσως
642 2230 688 2298 οὑν
716 2233 764 2298 κοιῖ
795 2235 936 2315 Κηφισίου
958 2233 1212 2311 ἀντικατηγορήσει

134 2342 176 2406 aui
205 2340 262 2420 ἕξει
294 2342 312 2410 d
337 2369 365 2409 τι
395 2343 488 2427 λένῃ·
511 2382 556 2392 -
585 2344 657 2409 ἀλλ’
685 2345 766 2423 ὑμεῖς
790 2343 844 2421 οὐδ’
868 2342 903 2408 ῖιν
926 2344 1053 2409 δύναισθε
1075 2354 1112 2425 τῇ
1136 2347 1211 2426 οιὺτηῖ

134 2455 218 2537 ψήφῳ
247 2454 296 2520 τόν
330 2458 357 2520 τ’
380 2455 611 2532 ἀπολογούμενον
635 2453 682 2519 axi
706 2454 765 2518 τὸν
788 2461 1055 2534 κατηγοροῦντο
1078 2454 1211 2520 κολοὺσοιῖ.

136 2563 303 2628 Secundum
339 2563 412 2628 haec
446 2564 535 2628 verba
568 2564 713 2649 Lysiacae
749 2572 855 2628 auctor
883 2573 929 2627 est
952 2564 1146 2629 secundarius
1169 2587 1214 2628 ac-

136 2684 250 2738 cusator
286 2683 317 2739 et
351 2675 450 2739 socius
485 2673 620 2759 Cephisi.
668 2674 777 2758 Itaque
816 2675 889 2738 haec
920 2675 1016 2739 oratio
1047 2677 1079 2739 in
1110 2675 1214 2740 eadem

136 2807 219 2850 causa
254 2786 359 2850 habita
393 2785 522 2861 dicitur,
559 2793 651 2870 atque
683 2785 869 2849 Andocidea.
915 2786 956 2849 Et
985 2776 1087 2850 tamen
1118 2792 1215 2849 status

137 2897 318 2980 quaestionis
341 2904 388 2960 est
411 2896 504 2973 alins3
529 2919 590 2959 non
614 2896 647 2959 in
671 2896 790 2980 exiguis
807 2894 990 2980 quibusdam
1006 2897 1056 2960 sed
1074 2897 1216 2980 gravibus

136 3008 220 3074 rebus
245 3008 407 3072 discrimen
432 3013 488 3070 est.

181 3122 272 3186 Unde
293 3116 366 3203 quid
383 3117 522 3201 sequitur
538 3116 637 3194 aliud,
655 3139 746 3201 quam
763 3122 916 3180 auctorem
932 3114 1076 3200 Lysiacae
1081 3122 1218 3200 βοτοῖσιν

141 3231 215 3297 hanc
244 3229 414 3298 orationem
445 3250 512 3291 vere
542 3227 695 3304 habitam,
728 3228 780 3291 sed
808 3227 923 3291 fraudis
952 3228 1096 3311 coargui?
1143 3227 1216 3292 Non

143 3345 230 3429 igitur
260 3346 364 3432 potest
394 3339 468 3403 haec
499 3339 596 3402 oratio
620 3361 638 3402 a
661 3337 774 3403 Meleto
798 3347 853 3402 aut
876 3338 936 3401 alio
960 3340 1056 3409 exiis
1080 3340 1133 3423 qui
1157 3342 1219 3403 An-

144 3455 276 3522 docidem
300 3462 481 3520 accusarunt
504 3455 617 3539 scripta
641 3477 714 3518 esse.

183 3568 259 3632 Tota
287 3567 361 3630 haec
384 3566 611 3630 subverteretur
633 3565 856 3650 argumentatio
881 3566 906 3629 si
931 3565 1098 3629 Andocidis
1122 3569 1218 3631 oratio

146 3676 179 3740 de
206 3679 360 3764 Mysteriis
392 3677 556 3742 subditicia
586 3686 675 3742 esset.
722 3677 780 3741 Sed
815 3678 954 3761 quamvis
989 3679 1099 3756 fatear,
1132 3701 1219 3764 argu-

146 3797 256 3867 menta,
288 3788 399 3872 quibus
423 3787 580 3852 Mehlerus
597 3789 669 3852 'eius
693 3788 905 3851 auctoritatem
928 3788 960 3851 in
984 3789 1110 3854 dubium
1136 3814 1220 3855 voca-

146 3898 201 3977 vit,
224 3899 354 3964 maxime
377 3922 412 3963 ea
435 3921 512 3983 qnae
535 3899 662 3964 deloco
685 3899 746 3977 περὶ
766 3899 888 3975 οῖτιμῖιις
905 3898 997 3977 dicit,
1021 3904 1125 3985 gravia
1140 3927 1218 3982 esse,

147 4010 216 4074 mihi
244 4020 347 4076 tamen
377 4032 439 4075 non
470 4011 637 4096 persuasit,
669 4009 834 4073 orationem
858 4017 955 4074 tot-am
982 4035 1045 4076 esse
1070 4013 1219 4078 Andocidi

149 4119 382 4187 abiudicendam.
423 4120 483 4185 Sed
506 4119 700 4206 supersedere
724 4142 848 4204 possum
873 4143 907 4183 ea
930 4123 1122 4206 quaestione,
1147 4147 1220 4208 quo-

149 4232 223 4296 niam
239 4235 329 4297 etiam
346 4234 413 4297 aliis
429 4233 549 4296 indiciis
566 4254 601 4295 ex
617 4232 684 4316 ipsa
699 4232 834 4295 oratione
849 4233 951 4317 petitis
968 4244 1074 4299 auctor
1088 4233 1220 4298 Pseudo-

150 4338 285 4424 Lysiacae
315 4344 428 4410 fraudis
460 4343 659 4408 convincitur.
706 4341 832 4428 Saepius
865 4343 922 4408 sibi
953 4345 1017 4431 ipse
1045 4345 1221 4432 obloquitur

152 4459 178 4513 et
206 4455 240 4518 iis
272 4456 368 4521 verbis
399 4463 429 4520 et
460 4477 495 4520 ea
524 4455 669 4518 orationis
700 4461 853 4520 structura
884 4457 999 4535 utitur,
1032 4480 1109 4543 quae
1141 4458 1220 4522 bono
