2958 5238
793 447 856 516 lle

285 646 430 730 leguntur
460 647 491 710 in
523 647 588 711 eius
617 646 759 710 Adversa.
785 644 854 708 Vol.
878 643 904 708 Ι.
930 669 959 730 p.
987 649 1068 710 lea:
1098 646 1266 735 „Egregiaz
1289 652 1354 716 vivi-
1420 630 1422 637 Ι

284 757 355 835 „dis
378 765 407 821 et
429 780 507 842 pene
530 758 651 824 comicis
674 756 829 822 coloribus
852 757 1024 842 exprimens
1047 762 1254 840 στρατιωτικὴν
1275 762 1357 827 acla-

283 869 383 947 „laav
417 869 466 933 κονὶ
498 869 670 952 νὶλονζόνειονν
700 892 735 933 ea
766 868 964 949 simulante,
988 870 1358 957 uthocipsoplaceat.’'

283 978 377 1045 Nunc
401 1002 463 1045 non
487 980 577 1066 plane
599 1002 725 1065 possum
749 979 899 1044 assentiri.
946 982 1115 1058 Δοκιοοονσίον
1140 1004 1194 1067 per
1218 1005 1250 1047 se
1272 1005 1359 1067 quan-

282 1092 351 1156 dam
372 1092 483 1157 habeat
503 1091 759 1178 praedicationem
775 1091 953 1155 meritorum
969 1114 1090 1158 necesse
1106 1100 1166 1171 est3
1184 1100 1275 1178 atque
1289 1094 1358 1158 haec

282 1225 371 1289 saepe
401 1204 438 1269 ab
469 1204 672 1269 ostentatione
701 1225 809 1288 parurn
841 1201 935 1268 abest.
981 1203 1042 1268 Sed
1070 1227 1105 1268 ex
1128 1204 1227 1269 verbis
1251 1205 1359 1269 Dobrei

255 1314 412 1395 lalterum
449 1315 600 1400 quendam
635 1312 889 1400 Pyrgopolinicen
921 1322 1085 1400 exspectes.
1129 1314 1246 1380 Verum
1273 1316 1358 1402 longe

283 1426 394 1491 accidit
425 1448 521 1490 secus.
567 1424 606 1489 In
636 1424 736 1510 priore
768 1432 854 1510 parte
884 1426 1030 1489 orationis
1061 1428 1185 1511 §l—tl
1214 1427 1358 1513 placidam

282 1537 464 1603 offendimus
486 1537 758 1602 ratiocinationem.
801 1534 874 1600 Non
900 1536 1051 1622 equitavi,
1079 1538 1199 1623 inquit,
1221 1539 1278 1603 sub
1300 1559 1359 1602 xxx

282 1651 372 1729 viris;
399 1648 482 1734 quod
500 1648 527 1712 si
545 1648 594 1712 vel
612 1648 742 1712 maxime
763 1647 917 1726 fecissem,
939 1669 1000 1712 non
1020 1649 1117 1734 magis
1136 1671 1235 1735 poena
1254 1649 1360 1734 dignus

282 1784 395 1840 essem,
427 1782 520 1847 quarn
550 1759 658 1837 multi,
690 1757 745 1842 qui
774 1780 857 1822 nunc
889 1765 1043 1822 senatores
1074 1767 1147 1824 sunt
1175 1767 1230 1823 aut
1253 1760 1358 1838 duces;

281 1874 378 1958 igitur
405 1871 483 1935 hanc
507 1869 797 1934 demonstrationem
818 1869 980 1954 praemitto
1004 1875 1126 1934 tentum
1149 1879 1185 1935 ut
1207 1894 1358 1936 occurram

283 1982 447 2047 mendaciis
476 1982 726 2046 adversariorum.
769 1981 848 2045 Tum
876 2003 912 2045 ex
939 1990 1050 2047 natura
1071 1983 1243 2060 δοκομονσίονς
1266 1986 1357 2050 iustas

283 2094 370 2158 ducit
389 2115 511 2171 causas,
532 2114 625 2176 quare
644 2091 719 2169 sibi,
741 2092 861 2156 etiamsi
880 2092 957 2156 forte
977 2093 1073 2171 nolit,
1094 2103 1196 2159 tamen
1212 2118 1269 2161 sua
1285 2095 1358 2162 bene

282 2206 363 2269 facta
386 2204 446 2268 sint
470 2202 665 2288 exponenda,
694 2210 786 2287 atque
809 2203 900 2267 etiarn
923 2203 1045 2288 culpam
1069 2203 1223 2291 quandam
1248 2208 1358 2271 confes

283 2338 334 2379 sus
357 2317 385 2401 (q
406 2317 447 2378 20
472 2314 530 2379 sub
553 2315 588 2386 f.)
612 2313 773 2392 invidiam,
798 2313 824 2377 si
847 2336 908 2398 qua
931 2314 985 2392 sit,
1009 2314 1104 2379 lenire
1127 2315 1239 2381 studet.
1277 2317 1360 2398 Quae

282 2426 373 2491 refert
395 2425 432 2489 de
456 2448 504 2503 se,
528 2424 717 2502 factasunt,
741 2446 804 2487 non
826 2425 929 2488 inania
953 2425 1052 2490 verba.
1082 2426 1196 2492 Lenem
1210 2430 1360 2512 quandam

282 2537 453 2601 irrisionem
475 2556 605 2618 agnosco
628 2535 660 2597 in
683 2533 782 2598 verbis
804 2533 990 2616 φοβουμένων
1014 2536 1152 2602 aeaeae
1175 2535 1356 2622 (flatsach

281 2650 390 2728 βουλή·
410 2647 494 2712 δεινὸν
510 2647 569 2726 γὰρ
588 2640 620 2719 ἦν
640 2646 842 2722 οὶγοοσνσῶο
860 2647 950 2726 ὀλίγον
961 2646 1091 2728 πρότερον
1103 2648 1301 2727 σεσωσμένους
1312 2653 1358 2732 ἐφ’

282 2760 373 2842 ἕτερον
403 2758 523 2826 κίνδυνον
553 2756 634 2841 Ξένον)
663 2758 680 2841 ᾧ
713 2760 770 2834 16,
802 2757 1024 2822 cavillationem
1051 2768 1170 2838 tamen,
1204 2762 1360 2846 quaesibi

283 2872 449 2960 prudenter
475 2876 623 2955 temperet
651 2869 868 2953 potiusquam
892 2876 1003 2933 temere
1025 2869 1186 2952 invehatur
1210 2873 1242 2936 in
1266 2874 1360 2939 aliena

284 2985 365 3050 vitia.
411 2983 570 3047 Praeterea
591 2981 745 3059 „comicos
768 2979 904 3044 colores'’
925 3003 988 3045 non
1012 2980 1109 3045 video.

579 3218 658 3262 Xvss.
687 3224 841 3263 caucason
862 3224 1063 3264 aninesiorum.

324 3425 438 3490 Melius
469 3422 543 3486 haec
574 3422 671 3485 oratio
694 3420 911 3486 inscriberetur
934 3422 971 3486 de
994 3422 1083 3488 honis
1106 3423 1269 3507 Eratonis3
1293 3450 1357 3492 nam

277 3561 355 3624 quae
381 3559 464 3602 nunc
488 3534 646 3618 inscriptio
670 3532 817 3597 estnihil
841 3556 1002 3600 commune
1026 3536 1118 3611 habet
1141 3560 1212 3603 cum
1235 3539 1357 3609 materia

1465 2374 1467 2435 l

1466 2528 1469 2583 l

278 3655 418 3715 tractata.
454 3650 501 3713 De
521 3671 581 3732 qua
601 3670 679 3732 quae
696 3646 830 3710 Meierus
849 3646 910 3710 iam
928 3648 1130 3735 quadraginta
1146 3651 1258 3717 abhinc
1275 3651 1355 3716 annis
1465 3672 1466 3711 ι

277 3762 440 3847 diligenter
472 3759 613 3846 exposuit
633 3759 682 3842 (de
706 3758 793 3823 bonis
817 3757 1029 3823 damnatorum
1053 3769 1084 3824 et
1106 3762 1257 3835 fiscalium
1279 3763 1354 3829 dchi·
1464 3778 1465 3781 ’

277 3882 399 3952 torum,
430 3871 530 3936 Berol.
566 3873 668 3948 1819,
700 3893 730 3955 p.
765 3872 825 3933 190
858 3874 936 3955 sqq.)
964 3870 1029 3935 fuse
1052 3871 1103 3936 hic
1125 3874 1261 3958 repetere
1282 3872 1354 3939 nihil
1465 3878 1467 3903 ²

277 3986 388 4052 attinet
394 4012 403 4063 3
420 3984 524 4069 itaque
540 3983 639 4069 capita
654 4003 757 4046 rerum
774 3981 933 4065 attingam.
957 3980 996 4045 Ιιι
1016 3983 1121 4067 paucis
1139 3983 1177 4048 ab
1190 4008 1225 4050 eo
1237 3984 1352 4061 recedo,

278 4120 357 4183 quae
379 4118 443 4160 non
465 4095 576 4159 diserte
599 4117 747 4172 memoro,
772 4116 810 4157 nc
833 4093 982 4178 expositio
1006 4117 1072 4159 mea
1094 4095 1224 4161 obseura
1243 4096 1352 4161 evadat.

323 4208 577 4285 Proscribuntur,
601 4207 751 4271 incertum
775 4227 836 4290 qua
859 4205 897 4269 de
919 4228 1028 4286 causa,
1050 4207 1129 4274 bona
1148 4210 1290 4275 Eratonis
1308 4230 1366 4280 on.

274 4320 412 4399 hisdem,
432 4320 493 4384 iam
513 4318 631 4401 aliquot
650 4317 737 4381 annis
759 4324 831 4380 ante
851 4316 997 4382 defuncti.
1029 4318 1088 4383 Sed
1108 4342 1143 4384 ea
1161 4322 1221 4386 iam
1241 4320 1350 4386 dudum
1432 4374 1434 4379 .

277 4433 336 4498 sibi
364 4431 538 4497 adiudicata
563 4453 648 4509 esse,
673 4428 831 4494 contendit
853 4435 946 4494 actor.
992 4417 1092 4495 Pater*
1106 4431 1185 4502 enim
1208 4434 1274 4503 eius
1294 4432 1349 4497 iam
