2994 5234
728 476 791 535 229

211 674 313 736 estin
336 671 389 734 tali
413 694 445 733 re
468 671 670 735 πολλοστὸν
693 671 776 750 μέρος
800 677 929 750 <turim
952 673 993 735 τὸν
1016 673 1164 750 χρήμοοτοο
1187 682 1240 746 τῆς
1264 673 1306 736 δὸ-

209 784 261 858 <itt
285 791 321 847 ut
346 785 397 845 19.
423 786 464 845 39
489 781 649 845 πολλοστὸν
672 781 756 860 μέρος
780 776 812 855 ἦν
836 782 877 845 τὸν
899 783 1029 861 χρημοθ’
1052 777 1088 845 ὧν
1109 783 1191 858 ὑμεῖς
1209 807 1305 862 προςε-

209 895 322 958 δοκῖοτε.
358 892 406 957 Ib.
436 897 478 956 34
502 895 549 958 aa
571 894 651 957 τοῦτ’
677 892 784 968 ἠξιοῦτ’
808 890 843 956 ὸον
866 930 911 940 -
933 893 998 963 τοὺς
1020 894 1210 972 προοήκοντκς
1229 896 1302 958 οὸπο·

208 1006 311 1088 λέσκο,
336 1002 378 1068 dur
400 1004 462 1067 οὐδὲ
489 1002 649 1068 πολλοστὸν
672 1004 755 1079 μέρος
778 1011 831 1076 τῆς
851 1000 1006 1096 &ditatis
1026 1005 1096 1081 παρ’
1119 1004 1186 1079 ὑμῖν
1204 1004 1299 1086 ἐφοὸνη

207 1117 249 1180 τοὸ
267 1117 424 1195 χρημοοτκ.
449 1115 496 1179 Ib.
515 1118 568 1178 42.
592 1114 752 1178 πολλοστὸν
776 1115 858 1193 μέρος
879 1114 920 1177 τὸ
939 1116 1114 1195 Νικοφήμου
1134 1120 1190 1178 τῶν
1210 1116 1298 1179 Κόνω-

206 1248 251 1296 νος
278 1224 439 1305 χρημάτων
466 1227 537 1308 ᾠήθη
562 1225 598 1289 σὸν
621 1222 703 1289 οἴνοιο.
751 1223 797 1288 Of.
823 1224 912 1288 etiam
940 1227 991 1287 14.
1018 1227 1058 1286 29
1084 1230 1114 1287 et
1138 1226 1191 1287 46.
1239 1223 1299 1288 Hie

207 1359 330 1420 quoque
350 1347 456 1421 aptum
477 1345 556 1399 esset
575 1335 636 1401 οὐδὲ
656 1335 817 1399 πολλοστὸν
837 1335 920 1414 μέρος
936 1336 1095 1413 (tatastat,
1114 1334 1195 1399 unde
1212 1336 1301 1398 omis-

206 1448 247 1509 sis
279 1447 397 1532 aliquot
426 1447 536 1511 litteris
569 1447 640 1530 (ortt
672 1461 795 1511 πολ...
828 1446 982 1529 φαίνετον)
1012 1445 1139 1508 existere
1164 1445 1300 1529 potuisse

206 1556 379 1641 vulgatam,
401 1580 490 1621 nemo
515 1557 649 1642 negabit.
697 1555 729 1619 Si
758 1555 836 1619 nihil
859 1555 959 1619 voluit
981 1554 1042 1618 nisi
1065 1554 1143 1618 nihil
1167 1577 1298 1639 usquam

205 1690 364 1752 apparere,
390 1669 561 1753 scripsisset
584 1668 659 1733 οὐδὲν
682 1668 809 1744 οὐδκμοῦ
832 1668 983 1749 maluerat.

248 1780 265 1862 ξ
287 1783 317 1842 3.
352 1783 383 1844 οὐ
402 1786 458 1845 τῶν
476 1782 530 1858 μὲν
548 1781 688 1859 ὑμετέρων
706 1782 841 1854 πολητην
862 1779 1014 1862 (Dobreus
1039 1785 1128 1842 aeute
1144 1800 1198 1862 pro
1215 1794 1295 1843 πολο-

204 1892 271 1973 τῶν)
302 1891 389 1954 κῦτὸν
420 1890 571 1971 didymus,
603 1898 658 1955 τῶν
687 1888 709 1954 δ’
731 1892 820 1955 οοὺτοῦ
843 1890 1005 1969 χρημάτων
1028 1889 1141 1966 τκμίκν
1164 1891 1297 1967 ἑποίησε;

203 1997 336 2076 „Secum
360 2023 430 2064 eum
454 2000 583 2064 abduxit
606 2002 638 2065 in
662 2001 905 2086 expeditionem,
928 2001 1028 2085 specie
1052 2002 1177 2084 quidem
1198 2011 1233 2065 ut
1251 2025 1298 2066 ve·

203 2118 289 2187 „stra
320 2111 474 2195 (praedam
506 2123 582 2197 puta
613 2121 667 2175 aut
702 2112 782 2176 bona
806 2112 963 2196 publicata
984 2114 1016 2175 in
1041 2113 1131 2176 soeiis
1156 2113 1297 2198 urbibus)

203 2222 389 2302 „venderet,
419 2247 451 2287 re
478 2247 549 2287 vera
580 2231 681 2287 autem
712 2232 747 2287 ut
777 2246 847 2287 suas
877 2223 1065 2307 (Polystrati)
1094 2246 1141 2287 res
1170 2225 1297 2289 admini-

202 2333 368 2408 „straret”
425 2333 476 2397 lta
506 2335 532 2396 si
565 2332 655 2397 verba
686 2335 876 2418 explicentur
907 2333 1094 2397 dubitationi
1125 2336 1296 2399 occurritur

202 2443 299 2521 Baki,
335 2444 437 2508 Schol.
460 2444 541 2528 Hyp.
559 2443 602 2508 Π.
621 2467 650 2528 p.
670 2447 751 2522 241,
777 2445 979 2508 existimantis
1003 2466 1113 2508 nomen
1137 2446 1295 2529 magistra·

202 2559 254 2615 tus
278 2555 439 2636 (πωλητής)
465 2577 526 2617 non
552 2556 615 2638 pati
639 2556 825 2639 genitivum,
857 2556 938 2639 quod
958 2555 1082 2619 Poletae
1109 2554 1141 2618 hi
1164 2556 1201 2619 ab
1226 2557 1294 2621 aliis

202 2664 339 2727 eiusdem
362 2666 494 2729 nominis
525 2688 588 2744 non
618 2667 680 2730 sint
711 2667 933 2751 distinguendi.
969 2669 1012 2730 At
1043 2668 1195 2751 oppositio
1219 2669 1307 2732 satis·

200 2773 289 2838 illum
313 2776 482 2859 genitivum
503 2777 649 2841 defendit.
678 2777 819 2841 Dobreus
836 2800 921 2841 suam
939 2777 1182 2841 emendationem
1199 2793 1294 2852 πωλη-

199 2887 252 2962 την
275 2888 443 2964 revocavit,
469 2911 572 2951 verum
597 2911 662 2952 esse
685 2888 825 2952 iudicans
849 2891 992 2967 ποροστην.
1040 2888 1072 2951 Si
1088 2889 1243 2966 Poristae,
1257 2895 1293 2952 ut

1 3037 2 3078 ρ
97 3022 100 3025 ·
200 2996 293 3081 vulgo
316 3002 446 3080 putant,
472 3005 545 3061 sunt
570 2999 783 3083 magistratus,
809 2999 863 3082 qui
885 3021 965 3061 nova
988 2999 1151 3063 inveniunt
1176 2999 1293 3063 tributa

199 3106 308 3189 (Beki.
330 3106 467 3170 Anaedd.
493 3131 522 3191 p.
541 3111 615 3171 294.
638 3112 694 3171 19:
720 3110 854 3190 eruptura!
876 3110 944 3172 εἷσον
967 3109 1047 3188 οἶρχή
1064 3133 1108 3181 τις
1122 3111 1288 3185 Ἀθήνησιν,

199 3215 259 3290 ἥτις
290 3218 390 3296 πόρους
414 3216 537 3302 ἐζήτει),
562 3219 639 3282 mira
661 3220 806 3283 iunctura
829 3228 875 3283 est
896 3225 952 3283 τῶν
976 3219 1117 3298 ὑμετέρων
1140 3243 1173 3282 π.
1222 3219 1288 3284 Νοο

111 3348 116 3355 ·
198 3327 358 3390 offensioni
383 3335 442 3405 est,
468 3328 550 3412 quod
575 3328 647 3393 alibi
671 3328 810 3393 Poletam
834 3331 867 3394 in
890 3329 1005 3394 bellum
1029 3330 1208 3394 comitatum
1224 3352 1289 3394 esse

130 3452 137 3458 “
198 3436 291 3500 duces
314 3459 378 3500 non
400 3436 540 3522 legimus.

223 3550 258 3632 ᾧ
281 3551 311 3610 4.
358 3549 451 3612 κοίτοο
470 3549 555 3613 δεινὸν
581 3552 605 3614 εἰ
629 3552 653 3614 οἱ
676 3552 729 3626 μὲν
753 3551 808 3623 τοὸς
828 3551 926 3622 adulas
946 3551 1065 3632 ἔχοντες
1084 3555 1313 3632 ὸλοφνροῦντκο·

196 3665 448 3739 τριηραρχοῦντες,
480 3657 560 3732 οὗτος
591 3661 705 3726 ὸόὐὸέν
728 3662 860 3742 πρότερον
884 3662 1057 3740 κεκτημένος
1081 3666 1109 3726 ἕν
1133 3663 1226 3744 ἕκείνςο
1248 3667 1288 3744 τῷ·

195 3767 287 3848 χρόνῳ
315 3769 461 3844 ἐθελοντὴς
492 3770 602 3845 ὑπέστη
634 3773 745 3847 ταύτην
768 3775 820 3847 την
842 3774 1034 3854 λεοτονρχίκν.
1081 3774 1165 3838 Ηοοο
1188 3776 1289 3860 negle-

196 3885 302 3962 genter
330 3880 500 3943 enuntiata.
548 3880 706 3945 Sententia
728 3882 803 3947 haee
826 3885 1010 3967 requiritur:
1039 3884 1217 3970 iudignum,
1243 3888 1286 3966 si,

197 4011 292 4072 quum
324 3988 434 4054 divites
465 3992 532 4055 iure
563 4003 729 4076 graventur
758 3994 933 4079 liturgiam,
959 3996 1006 4059 illi
1029 4020 1205 4061 eoncessum
1230 3999 1286 4077 sit,

196 4109 232 4163 ut
255 4107 401 4185 tanquam
418 4102 644 4169 immunitatem
661 4112 769 4189 sponte
787 4109 964 4190 susciperet.
989 4107 1063 4172 Non
1079 4109 1162 4192 quod
1179 4117 1287 4192 sponte

196 4212 383 4295 suscipiebat
406 4236 459 4297 per
482 4238 513 4277 se
536 4215 699 4299 iudignum
719 4225 800 4294 erat,
825 4217 878 4280 sed
903 4217 986 4301 quod
1010 4219 1054 4282 sie
1073 4225 1173 4305 potuit
1195 4222 1287 4283 susei-

197 4344 284 4405 pere,
309 4324 392 4407 quod
416 4348 483 4408 spes
508 4327 535 4388 ei
559 4326 630 4389 data
654 4335 700 4389 est
722 4328 810 4391 lueri.
847 4328 941 4391 Porro
965 4330 1057 4393 verba
1080 4334 1111 4395 ἐν
1134 4332 1228 4410 ἐκείνῳ
1246 4334 1287 4412 τῷ

196 4432 289 4514 χρόνῳ
319 4456 373 4498 eur
404 4435 557 4501 addantur
587 4461 649 4501 non
677 4439 766 4502 nimis
790 4439 985 4523 perspicuum
1008 4448 1063 4504 est.
1110 4441 1182 4506 Non
1206 4443 1288 4508 euim
