2958 5238
648 452 710 515 151

170 654 189 735 d
216 654 268 716 17.
315 653 557 729 „Accusatores,
581 651 701 734 inquit,
725 656 794 712 tum
817 649 933 734 populo
955 672 1018 713 non
1034 649 1224 735 opitulaban-

123 769 221 840 „tnr,
251 783 334 827 nunc
362 784 458 847 quum
482 760 615 846 populus
640 759 699 825 sibi
721 761 835 845 optime
859 760 1010 837 consulit,
1036 760 1225 824 auxiliantur

124 872 269 949 „vobis”
316 871 386 935 Hoc
415 871 494 935 nibil
530 870 568 935 ad
601 878 790 955 praesentem
818 893 940 934 causam
963 872 1112 956 pertinet3
1137 870 1225 954 Poly·

125 989 246 1046 stratus
269 983 351 1045 enim
374 981 430 1045 sub
454 981 686 1065 quadringentis
711 988 834 1064 propter
859 981 972 1045 crimen
994 980 1145 1065 Oropium
1162 980 1225 1044 fue·

123 1101 171 1156 rat
197 1092 378 1169 arcessitus3
402 1113 458 1154 nec
482 1114 554 1155 sane
578 1091 747 1175 exspectari
762 1098 897 1175 poterat,
916 1090 974 1154 sub
990 1091 1223 1175 quadringentis

123 1204 220 1267 aliam
239 1203 272 1267 in
288 1225 358 1266 eum
376 1202 527 1266 actionem
542 1201 684 1278 institui,
702 1201 756 1285 qni
773 1208 946 1284 postremus
963 1201 1100 1265 omnium
1118 1223 1224 1265 eorum

122 1314 257 1397 collegio
281 1324 360 1376 esset
384 1311 566 1396 adscriptus,
614 1311 723 1375 Prodit
745 1311 804 1374 hoc
827 1312 982 1375 rhetorem
997 1312 1072 1375 locis
1090 1333 1224 1375 commu·

120 1423 215 1487 nibus
240 1431 294 1486 aut
317 1423 423 1486 alienis
448 1423 586 1486 flosculis
611 1423 779 1487 orationem
803 1430 971 1487 ornantem.

170 1534 189 1617 q
215 1535 267 1595 18.
314 1535 354 1613 τῷ
383 1532 437 1608 μὲν
467 1533 527 1611 γὰρ
557 1531 614 1595 οὐδ’
645 1530 672 1596 εί
700 1557 743 1602 τις
775 1529 857 1613 εἶχε
887 1534 1108 1612 μοιρτυρίοον,
1140 1528 1223 1611 εἶχε

123 1651 330 1724 μοιρτυρείν
361 1643 408 1708 ut
438 1646 472 1708 τὸ
502 1642 561 1714 δέος
584 1643 617 1707 τὸ
640 1649 694 1706 τῶν
718 1644 894 1723 κοοτηγίρον.
939 1644 989 1706 Ita
1011 1643 1108 1707 Palat.
1156 1644 1223 1707 Hae

126 1755 255 1830 sordes,
278 1753 311 1816 in
337 1751 558 1817 recentioribus
582 1751 768 1821 editionibus
791 1753 948 1817 nonnullis
972 1752 1141 1830 abstersae,
1166 1763 1224 1817 ter·

126 1886 198 1927 sum
221 1871 324 1926 tamen
348 1868 499 1925 oratorem
522 1883 585 1926 non
608 1863 730 1926 facient.

170 1975 189 2056 d
216 1975 267 2036 19.
313 1972 429 2042 τούτους
460 1972 514 2049 μὲν
548 1973 653 2053 ἀφεῖτ’
683 1972 782 2051 ἀνδρί
814 1970 1015 2052 ἐξαιτουμένῳ.
1062 1972 1221 2055 Frigidum

126 2081 207 2146 illud
239 2082 319 2161 οὶνδρί
345 2102 400 2165 pro
429 2087 489 2151 τοῖς
513 2081 618 2152 οἰκείοις
643 2088 697 2144 aut
719 2081 817 2161 Φίλοις
841 2080 1050 2158 ἕξοιτονμένοις
1074 2082 1122 2145 vel
1145 2080 1221 2156 ἐξινι-

123 2193 278 2271 τονμένονς
302 2191 415 2254 omisso
437 2190 526 2272 atabpt'.

168 2306 240 2381 ἡμῖν
270 2301 295 2365 δ’
324 2304 423 2371 αὐτοῖς
452 2325 485 2365 τε
517 2301 666 2380 προθύμοις
689 2300 891 2377 γεγενημένοις
915 2299 979 2379 περὶ
1002 2300 1035 2363 τὸ
1058 2303 1166 2374 πλῆθος
1188 2302 1222 2365 τὸ

125 2412 278 2491 ὑμέτερον,
310 2410 359 2474 κοιὶ
389 2415 456 2474 τοῦ
488 2406 597 2488 πατρὸς
626 2410 702 2473 οὐδὲν
726 2411 804 2484 ὑμᾶς
829 2408 998 2484 ἠδικηκότος.
1045 2409 1221 2476 Delendum

129 2531 207 2605 puto
239 2525 305 2586 τοῦτ
337 2520 467 2599 „nobis,
499 2521 552 2603 qui
578 2521 638 2604 ipsi
662 2520 747 2584 vobis
771 2521 970 2586 studebamus
993 2529 1024 2585 et
1048 2530 1133 2607 patre
1156 2525 1221 2587 nati

61 2635 68 2659 ⁸
126 2653 259 2707 „snmus
291 2652 459 2713 numquam
484 2630 569 2693 vobis
593 2629 782 2693 adversato.''
827 2630 865 2693 In
889 2632 950 2694 fine
973 2632 1116 2694 sectionis
1139 2636 1220 2709 ἡμᾶς

128 2742 236 2812 αὐτούς
259 2740 349 2804 nihili
372 2748 426 2804 est.

170 2854 188 2936 q
212 2854 265 2916 24.
312 2849 468 2931 έληζίμην,
497 2886 542 2898 -
572 2847 647 2914 ίίοτε
676 2860 713 2930 τῇ
747 2849 798 2929 θεῷ
826 2873 860 2913 τε
882 2850 938 2920 τοὶς
961 2850 1089 2921 δεκνίτοις
1113 2850 1221 2930 έξοιιρε·

125 2960 205 3032 etuas
229 2960 316 3023 πλέον
339 2960 356 3034 ἢ
379 2960 534 3037 τριοίκοντοι
556 2962 634 3034 μνοῖς
656 2958 706 3023 aci
726 2964 785 3028 τοῖς
802 2958 993 3037 οτροιτιοίτνιις
1009 2960 1048 3032 είς
1064 2960 1216 3039 τοτηρίκν.

124 3068 199 3134 Post
211 3070 432 3149 οτροιτιοίΤΑΙο
445 3068 592 3131 excidisse
605 3068 726 3132 videtur
737 3077 795 3133 TA
807 3071 862 3142 lc',
876 3068 917 3131 τοὶ
929 3068 989 3132 ἴσον.
1008 3068 1055 3132 Of.
1066 3069 1219 3135 Dobreus.

165 3181 260 3264 §tii
307 3177 477 3241 Offendunt
511 3178 543 3241 in
574 3178 631 3240 hac
662 3177 797 3241 sectione
831 3175 917 3258 ίρκιον
950 3178 1068 3258 ἔχοντος
1102 3179 1139 3262 (Ρ)
1170 3180 1219 3243 aa}

125 3290 237 3364 ἑτοίμου
268 3286 344 3357 ὄντος
375 3288 487 3365 ὁρκοῦν,
520 3309 610 3370 porro
640 3287 788 3362 συλλογήν
820 3308 876 3371 pro
899 3288 1060 3370 σύλλογον,
1087 3288 1219 3374 denique

125 3398 282 3462 inficetum
305 3396 383 3460 illud
407 3399 456 3461 act
480 3396 561 3473 λέγοι
585 3399 636 3461 οὐκ
658 3397 749 3473 ὀλίγον
773 3395 865 3473 ἦτον,
890 3399 977 3481 qnasi
992 3398 1030 3462 de
1047 3399 1219 3462 vetularum

127 3508 239 3572 circulo
263 3506 397 3590 quodam
420 3514 538 3591 agatur.
1161 3499 1163 3503 ’
1224 3502 1227 3505 ’

169 3621 187 3703 q
211 3620 263 3682 27.
311 3617 467 3694 Σκέψοιοθε
490 3616 523 3690 δη
546 3616 595 3679 κοί
618 3623 669 3680 τοῦ
692 3616 801 3696 ποοτρὸς
825 3620 877 3691 τὴν
900 3619 1071 3697 ἐπιστολήν,
1092 3616 1124 3694 ἣν
1143 3617 1218 3682 eta-

125 3753 185 3793 κεν
216 3727 403 3792 οὶποδοῖινοιι
428 3726 503 3803 ’ἐμοί
509 3775 518 3804 ,
548 3723 656 3806 πέτερνι
678 3728 719 3806 τῷ
743 3727 869 3808 ὑμετέρῳ
891 3727 993 3801 πλήθει
1015 3728 1119 3805 ayunt
1143 3725 1175 3803 ἦν
1199 3730 1215 3804 ἢ
1275 3756 1282 3767 ·

125 3841 165 3904 od.
206 3839 257 3902 Sic
280 3837 397 3914 Palat.;
426 3837 485 3922 leg·
510 3839 581 3912 ἕνην.
626 3834 769 3900 Ceterum
792 3836 878 3900 locus
901 3836 1048 3901 verbosus
1071 3837 1163 3902 nimis
1186 3846 1217 3901 et

126 3956 339 4035 argumentum
370 3947 536 4012 admodum
572 3948 638 4011 leve
668 3956 742 4024 est,¹
766 3947 863 4021 συκίνη
891 3966 962 4011 vero
986 3947 1147 4025 έπικουρίοιί
1172 3985 1217 3996 -

124 4055 253 4136 Ἀγοοίίς
277 4065 324 4120 est
346 4058 379 4120 in
403 4056 553 4120 deteriore
575 4054 723 4119 Laurent.
1076 4063 1080 4070 '

165 4171 184 4254 q
208 4169 261 4229 28.
308 4166 535 4230 Documentum
558 4165 687 4229 daturus
710 4167 851 4243 virtutis,
876 4189 938 4251 qua
957 4167 1049 4230 frater
1065 4174 1142 4230 natu
1161 4168 1217 4230 mi-

126 4280 226 4343 nimus
253 4275 463 4352 excelluisset,
487 4276 671 4356 κνοτοιδρομης
694 4279 867 4354 γενομένης,
891 4278 1010 4360 inquit,
1035 4283 1091 4341 τῶν
1113 4274 1215 4357 <nayd-

128 4388 178 4453 διιν
203 4425 245 4436 --
269 4385 415 4462 έξελοίσοις
440 4389 473 4450 ἐκ
495 4394 550 4451 τῶν
576 4384 675 4452 ἄλλων
698 4388 808 4452 ἱππέων
830 4388 881 4453 ένοο
903 4390 1080 4454 νίπέκτεινεν.
1127 4387 1213 4465 Hoc,
