2958 5238
593 444 653 507 109

94 644 127 707 lis
147 649 235 708 esset·
268 641 337 707 Imo
360 664 457 727 quum
480 639 606 706 vixdum
621 639 746 706 adultus
761 638 900 706 Athenas
915 640 1089 728 reliquisset
1103 665 1166 709 non

93 754 187 840 potuit
214 755 247 820 in
276 755 343 842 ipsa
368 754 444 821 urbe
466 776 578 819 nomen
600 753 728 819 militiae
751 751 823 818 dare
845 753 1061 839 (καταλεγῆναι
1082 753 1166 821 aaut·

93 891 138 942 της
161 868 179 952 b
202 868 233 952 7)
256 872 327 943 ante
350 863 529 944 Euclidem,
551 886 652 949 neque
674 871 745 929 ante
767 864 851 930 hunc
872 864 1011 951 ignaviae
1033 866 1167 951 (λιποτα-

90 975 153 1062 ξίου)
175 976 290 1042 crimen
311 977 466 1042 incurrere
472 1025 483 1055 ,
507 974 590 1062 quod
612 963 696 1040 nunc
720 976 747 1040 11
767 974 920 1041 obiicitur.
944 976 1057 1043 Errant
1071 976 1167 1062 igitur
1269 976 1271 987 '
1348 968 1351 977 ¹

90 1087 139 1172 qui
167 1094 278 1174 putent
308 1086 400 1173 paulo
431 1094 502 1173 post
524 1086 653 1172 triginta
675 1086 755 1151 viros
779 1074 921 1172 expulsos
943 1086 1023 1153 hanc
1045 1109 1166 1152 causam

91 1207 184 1264 actam
207 1221 283 1264 esse.

131 1309 214 1375 Huic
236 1309 375 1396 opinioni
399 1331 492 1394 quam
514 1296 645 1374 maxime
667 1308 766 1374 favere
791 1308 973 1374 videbantur
994 1308 1094 1395 §see
1110 1310 1166 1386 13,

93 1423 138 1485 cui
159 1421 231 1486 addi
254 1422 374 1508 possint
396 1444 473 1506 quae
495 1423 513 1507 p
538 1408 578 1486 14?
601 1422 759 1507 legantur,
784 1421 839 1486 ubi
862 1421 995 1507 primum
1018 1419 1077 1484 hoc
1099 1426 1170 1505 post

91 1556 189 1618 pacem
211 1533 361 1598 iudicium
383 1533 421 1598 de
444 1533 567 1619 ignavia
589 1533 652 1598 fieri
676 1533 796 1597 dicatur
803 1582 813 1617 ‚
837 1539 1027 1619 quapropter
1053 1531 1168 1596 indices
1215 1574 1220 1583 .

68 1708 70 1713 ,
93 1652 224 1730 oporteat
246 1653 388 1732 reputare
411 1667 443 1709 se
466 1645 556 1730 quasi
579 1644 766 1729 legislatores
789 1665 872 1721 esse,
902 1649 970 1708 tnm
993 1642 1067 1707 socii
1090 1664 1170 1707 com·

96 1762 310 1834 memorentur,
335 1757 389 1841 qui
412 1763 482 1841 post
505 1778 532 1820 a.
557 1756 620 1821 387
645 1755 724 1820 nulli
746 1754 808 1818 lere
831 1754 947 1820 luerint
970 1752 1169 1839 (Hoelscher,

96 1891 122 1953 p.
151 1871 221 1954 84);
251 1891 342 1954 porro
372 1867 485 1933 milites
513 1866 665 1931 vulnerati
698 1872 753 1930 aut
785 1864 960 1951 indigentes
993 1888 1048 1952 per
1080 1863 1171 1930 urbes

99 1978 227 2065 dispersi.
273 1979 334 2044 Sed
364 1987 438 2044 sunt
466 1979 540 2043 haec
562 1977 638 2042 talia
660 2000 739 2062 quae
762 1977 854 2041 etiam
877 1976 930 2040 alii
951 1976 1082 2062 tempori
1104 1997 1174 2040 con·

100 2091 221 2156 ueniant.
253 2090 387 2155 Tantum
409 2089 601 2175 intellegitur
622 2089 712 2166 haec,
734 2111 830 2173 quum
845 2087 987 2173 pluribus
1002 2087 1077 2152 loeis
1093 2092 1173 2151 esset

100 2208 261 2286 pugnaturn
284 2201 407 2286 (milites
430 2201 513 2286 aegri
536 2200 665 2286 dispersi
689 2202 790 2285 sunt),
815 2205 886 2285 post
902 2205 1054 2264 recentem
1071 2221 1175 2285 pacem

100 2311 174 2376 dicta
204 2335 278 2377 esse.
325 2311 406 2376 Nam
439 2313 555 2392 socios,
595 2312 732 2397 quamvis
763 2333 893 2397 paucos,
924 2316 1026 2376 tamen
1053 2311 1173 2397 aliquos

102 2423 182 2488 etiam
204 2430 275 2509 post
298 2423 510 2488 Antalcideam
528 2446 633 2510 pacem
654 2422 807 2488 habebant
826 2422 1044 2501 Athenienses,
1064 2421 1102 2487 cf.
1120 2424 1173 2486 25.

53 2537 58 2553 '
102 2535 147 2598 19.
190 2535 350 2600 Praeterea
372 2559 409 2600 ex
430 2538 447 2622 p
471 2539 511 2601 19
535 2538 593 2617 οὐχ
614 2538 650 2608 ὥς
674 2533 872 2614 ἀπολουμένης
892 2543 945 2610 τῆς
960 2532 1084 2609 πόλεως,
1103 2529 1174 2597 ἀλλ’

103 2647 132 2719 ὥς
152 2647 345 2726 σωθησομένης
369 2647 479 2711 efficias
501 2648 600 2733 ipsam
622 2646 730 2711 urbem
752 2645 903 2732 praesenti
925 2645 1019 2709 fuisse
1038 2643 1175 2729 periculo

14 2750 15 2753 '
107 2759 277 2842 expositam3
313 2757 367 2821 sed
388 2757 470 2823 iusta
493 2757 556 2823 acie
579 2765 750 2844 pugnatum
780 2780 842 2822 non
866 2779 930 2821 esse
952 2755 1053 2842 palam
1076 2762 1177 2821 estex

107 2867 172 2950 lb:
196 2868 303 2948 μάχην
325 2867 385 2949 γὰρ
407 2868 542 2946 οὐδεμίαν
564 2868 725 2948 γεγονέναι.

138 2979 222 3044 Η111
255 2985 359 3043 tamen
389 2979 504 3064 optime
535 2980 626 3044 etiam
657 2978 696 3043 ad
726 3001 839 3043 annum
867 2979 931 3042 388
955 2976 1064 3041 referre
1088 2998 1176 3061 posse

102 3089 169 3155 mihi
190 3089 306 3154 videor.
342 3088 482 3154 ΙΝ1111111
505 3089 594 3154 facile
616 3089 789 3175 periculum
802 3088 884 3153 inter
898 3087 1013 3153 bellum
1027 3086 1177 3172 Pelopon·

103 3199 249 3265 nesiacnm
281 3205 313 3264 et
341 3198 601 3266 Chaeroneensem
631 3199 834 3265 calamitatem
857 3199 981 3285 propius
1003 3197 1178 3264 minabatur

15 3392 16 3395 Ἴ
104 3308 242 3389 Athenis,
274 3332 367 3396 quam
397 3310 516 3397 Aegina
545 3309 601 3374 illo
631 3332 710 3375 anno
734 3333 752 3374 a
773 3308 1022 3374 Lacedaemoniis
1045 3307 1176 3374 obsessa.

15 3432 16 3451 l
103 3415 173 3485 lnde
194 3419 337 3507 Spartani
359 3418 437 3486 duce
459 3417 608 3485 Eteoni'co
625 3421 812 3505 egressiones
827 3419 979 3484 faciebant
993 3420 1025 3484 in
1042 3418 1177 3483 Atticam

106 3535 133 3593 et
159 3531 185 3596 si
213 3530 290 3616 quid
320 3552 407 3595 secus
437 3529 596 3595 accidisset
625 3537 730 3594 tutum
753 3552 787 3594 eo
811 3530 965 3595 habebant
986 3528 1176 3616 perfugium,

105 3638 408 3727 Lacedaemoniisque
428 3641 506 3706 mari
525 3639 756 3706 dominantibus
770 3639 994 3726 impediebatur
1008 3647 1179 3705 mercatura

14 3746 16 3787 ¹
108 3751 202 3818 Attica
208 3779 217 3832 3
243 3753 325 3839 quod
349 3753 375 3818 si
398 3752 500 3840 plures
524 3752 562 3816 111
584 3738 715 3816 luissent
736 3751 841 3836 copiae
855 3750 944 3815 facile
959 3751 1056 3837 ipsam
1072 3751 1179 3816 urbem

110 3866 318 3948 oppressissent
325 3891 335 3944 ς
367 3864 471 3930 elassis
502 3870 583 3929 certe
606 3863 644 3928 ab
667 3862 906 3927 Atheniensibus
929 3863 1021 3926 missa
1044 3869 1108 3927 erat
1130 3861 1183 3927 ad·
1264 3874 1274 3893 ‘

110 3973 225 4040 modum
255 3977 376 4062 exigua.
423 3976 536 4040 Decem
567 3974 704 4071 triremes
727 3974 869 4052 fuerunt,
894 3996 972 4058 quae
995 3974 1128 4060 hoplitas
1151 3981 1182 4038 et

112 4081 209 4150 ducem
239 4086 436 4173 Pamphilum
465 4086 498 4151 11
528 4086 661 4151 insulam
688 4090 950 4169 transportarunt,
974 4091 1011 4149 ut
1033 4061 1182 4170 Aeginam

114 4193 285 4288 obsiderent.
331 4196 486 4283 Expositis
510 4196 659 4261 militibus
682 4218 773 4286 naves
796 4218 814 4258 a
835 4194 1083 4260 Lacedaemoniis
1098 4195 1183 4259 lusae

117 4313 180 4371 sunt
187 4333 196 4386 3
219 4309 323 4393 copiae
346 4315 501 4372 terrestres
523 4307 643 4371 munito
658 4305 726 4370 loco
742 4305 880 4370 obsessae
894 4306 997 4390 potius
1012 4307 1096 4391 ipsae
1111 4311 1183 4370 sunt

119 4435 197 4497 quam
224 4420 425 4498 obsederunt,
455 4420 626 4504 quintoque
640 4434 755 4483 ‘mense
776 4425 848 4503 post
870 4418 981 4483 infecta
1002 4442 1034 4484 re
1058 4419 1183 4483 domum
