3002 5240
814 486 855 547 68

293 708 441 751 consensu
476 687 595 771 spuriae
631 684 794 751 habentur.
838 684 940 769 Igitur
970 686 1123 750 crationes
1146 687 1211 751 eius
1233 684 1373 770 aliquam-

292 798 346 861 diu
367 798 492 862 fuerunt
515 798 676 883 dispersae.
724 795 789 881 Iam
813 819 883 861 vero
907 797 1019 861 mirum
1042 804 1073 862 et
1088 820 1182 883 paene
1198 796 1373 862 incredibile

291 917 387 987 esset,
420 909 445 972 si
476 931 539 974 non
566 908 681 972 multae
710 888 830 992 postea,
863 929 959 993 quum
982 907 1121 972 collectio
1145 908 1372 986 institueretur,

291 1022 406 1085 alienae
429 1022 630 1107 irrepsissent.
667 1019 886 1087 Gloriabantnr
908 1019 996 1085 facile
1020 1020 1073 1104 qui
1098 1042 1219 1084 causam
1236 1020 1374 1085 dixerant

290 1143 342 1198 aut
376 1156 480 1199 eorum
512 1135 626 1221 posteri
657 1134 809 1198 orationes
841 1133 961 1197 habitas
991 1156 1009 1197 a
1041 1155 1072 1197 se
1107 1140 1160 1197 aut
1183 1139 1372 1196 conservatas

290 1245 399 1330 Lysiae
430 1268 509 1322 esse;
540 1252 571 1309 et
602 1251 684 1309 certo
714 1244 866 1323 iudicare,
898 1245 972 1329 quid
986 1243 1121 1330 Lysiae,
1147 1243 1222 1329 quid
1246 1243 1373 1308 aliorum

291 1356 464 1442 aequalium
487 1352 618 1420 colorem
641 1362 672 1419 et
694 1355 852 1440 ingenium
876 1355 1015 1433 referret,
1040 1355 1176 1420 criticam
1199 1354 1373 1441 postulabat

289 1467 466 1531 facultatem
495 1467 638 1531 maiorem
670 1488 763 1551 quam
793 1466 840 1531 illi
871 1468 963 1531 aetati
987 1467 1114 1532 concedi
1136 1473 1247 1553 potest.
1295 1465 1373 1530 Fieri

289 1602 352 1642 non
374 1586 494 1663 poterat
518 1578 593 1662 quin
617 1585 731 1642 veteres
755 1578 853 1642 critici
877 1579 909 1642 in
926 1577 1142 1663 conquirendis
1158 1586 1189 1643 et
1201 1576 1373 1663 digerendis

289 1690 520 1774 quadringentis
544 1697 574 1754 et
597 1688 727 1774 amplius
744 1689 952 1768 orationibuS,
969 1711 1047 1775 qnae
1062 1688 1172 1775 Lysiae
1188 1689 1371 1766 ferebantur,

289 1801 419 1864 subinde
447 1807 589 1866 errarent.
636 1798 746 1885 Itaque
776 1800 952 1864 remanebat
983 1823 1071 1887 saepe
1102 1800 1184 1885 apud
1208 1800 1372 1886 prudentes

257 1962 262 1974 .
290 1912 509 1975 existimatores
544 1910 672 1976 dubium
709 1910 746 1975 de
778 1918 905 1976 auctore·
928 1910 1149 1976 nonnullarum
1179 1912 1369 1987 crationnm;

289 2022 371 2086 unde
394 2022 597 2107 Harpocratio
621 2043 728 2106 saepe,
743 2023 941 2107 inscriptione
949 2030 1199 2101 commemorata,
1219 2024 1243 2087 sl
1259 2025 1372 2101 γνήσιος

289 2133 390 2211 addit3
407 2132 503 2197 veluti
520 2132 558 2196 de
573 2132 630 2196 hac
643 2132 779 2197 oratione
791 2155 818 2199 v.
832 2133 975 2205 δικαίωσις
988 2133 1135 2217 legimus:
1157 2134 1273 2205 Λυσίας
1290 2134 1319 2198 ἕι
1334 2133 1372 2213 τῷ

289 2245 350 2325 περὶ
379 2245 572 2325 στρατιώτου,
604 2246 628 2309 el
658 2245 772 2320 γνήσιος
798 2243 860 2329 [καὶ
880 2244 982 2329 μάλα]
1006 2246 1062 2318 σόος
1089 2244 1294 2317 δικαιώσεις
1317 2250 1373 2326 φο·

288 2358 332 2421 σὶι
360 2356 505 2433 derisni
535 2356 801 2437 δικαιολογίας,
829 2355 861 2418 in
889 2354 1001 2441 quibus
1024 2355 1116 2419 verba
1138 2355 1188 2420 καὶ
1212 2354 1303 2433 μάλα
1324 2352 1372 2417 ad-

287 2469 352 2532 dita
383 2473 454 2531 sunt
485 2489 502 2530 a
532 2465 671 2545 librario,
701 2465 863 2531 dissentire
887 2489 918 2530 se
942 2489 960 2529 a
981 2466 1096 2530 iudicio
1122 2465 1369 2551 Harpocrationis

288 2579 488 2664 significante.

331 2690 411 2754 Satis
442 2687 539 2753 multa
568 2710 623 2773 pro
655 2688 773 2752 ambitu
803 2687 923 2752 modico
954 2688 1100 2752 orationis
1130 2687 1208 2752 mihi
1231 2686 1370 2751 attulisse

286 2801 405 2879 videor,
437 2823 514 2886 quae
544 2800 746 2885 suspicionem
777 2808 933 2878 moveant3
964 2808 1065 2865 tammr
1096 2822 1193 2886 pauca
1215 2800 1307 2864 etiam
1331 2818 1366 2861 ex

287 2913 483 2977 annotatione
505 2911 584 2976 infra
607 2911 721 2996 scripta
745 2910 817 2974 addi
840 2918 995 2996 poterunt.

331 3026 347 3108 b
373 3026 422 3087 10.
468 3022 558 3105 ἕχόρρι
580 3020 604 3085 δ’
626 3021 694 3086 ἄνευ
716 3021 817 3086 τούτου
837 3022 887 3105 (of.
907 3024 1009 3107 supra)
1029 3020 1247 3102 παραλόγως
1266 3022 1367 3104 ζωροιω·

285 3137 351 3207 θεός.
396 3117 587 3215 Παραγιόγως
610 3134 643 3197 in
665 3132 751 3197 libris
776 3134 839 3196 suis
855 3134 973 3197 invenit
989 3132 1159 3218 Augerius,
1176 3134 1281 3218 itaque
1297 3133 1368 3198 olim

285 3246 401 3311 editum
426 3253 499 3310 erat.
545 3245 617 3331 lpse
641 3246 757 3331 primus
780 3251 811 3308 et
833 3243 976 3309 Reiskius
1000 3243 1163 3309 ediderunt
1182 3245 1368 3325 παραλόγως.

285 3357 332 3421 De
359 3357 453 3421 Palat.
478 3364 558 3422 tacet
581 3356 727 3434 Scheibe,
757 3355 810 3420 sed
834 3357 859 3421 si
883 3356 930 3420 vel
953 3356 1083 3420 maxime
1107 3355 1157 3419 hic
1180 3356 1290 3422 habeat
1313 3378 1368 3419 πα-

259 3556 261 3561 ,
286 3469 444 3548 ραγόγως,
469 3477 570 3532 tamen
594 3467 772 3547 παραλόγως
795 3467 933 3553 legitima
952 3467 1044 3532 lectio
1060 3477 1123 3545 est,
1141 3469 1225 3553 quod
1241 3469 1367 3533 alterum

285 3579 376 3644 nihili
407 3586 453 3643 est
483 3588 513 3643 et
544 3578 689 3645 ductibus
720 3579 894 3644 litterarum
923 3580 1103 3661 παραλόγως
1135 3580 1172 3644 ab
1203 3602 1238 3644 ec
1262 3599 1367 3667 parum

286 3690 395 3755 differt.
431 3690 615 3771 Παραλόγως
638 3696 741 3754 tamen
765 3690 847 3775 apud
871 3690 990 3755 Atticos
1014 3712 1127 3754 rarum.
1164 3688 1255 3771 Quod
1278 3692 1367 3756 sciam

285 3805 439 3873 invenitur
476 3809 598 3866 tantum
635 3801 716 3886 apud
745 3800 904 3866 Demosth.
937 3824 963 3866 c.
995 3801 1118 3887 Aphob.
1151 3802 1177 3866 Ι.
1209 3803 1276 3889 (27)
1310 3801 1364 3864 68:

286 3914 386 3979 δίκαιοι
410 3914 435 3978 δ’
458 3912 519 3978 ἔστ’
542 3915 631 3978 ἐλεεῖν
654 3916 685 3978 οὐ
708 3914 774 3984 τοὺς
797 3912 910 3985 alliacus
932 3918 988 3977 τῶν
1011 3913 1179 3996 arpenas,
1202 3913 1287 3979 οὶλλόι
1304 3911 1365 3980 τοὺς

286 4025 463 4108 παραλόγως
486 4026 715 4108 διιςποχοῦισας,
742 4023 798 4088 uhi
821 4025 1023 4110 oppositionis
1046 4026 1125 4089 ratio
1149 4024 1286 4110 postulat
1307 4025 1365 4087 fere

287 4136 471 4217 παρανόμως.
519 4135 612 4221 Apud
643 4135 853 4221 Thucydidem
884 4136 910 4200 I.
943 4139 1003 4200 140
1015 4185 1024 4214 ,
1048 4135 1105 4200 IV.
1131 4138 1190 4215 55,
1217 4139 1257 4199 56
1282 4132 1366 4200 cessit

286 4249 410 4313 lectioni
437 4247 586 4312 bonorum
614 4246 700 4312 codd.
725 4249 807 4329 παρα
829 4248 927 4325 λόγοι.
974 4248 1034 4313 Sed
1056 4270 1119 4313 non
1143 4246 1365 4313 sollicitandum

287 4361 407 4426 videtur
437 4358 519 4445 apud
546 4357 688 4444 Xenoph.
713 4357 751 4422 de
774 4357 861 4423 Vect.
888 4362 917 4422 5.
943 4362 978 4423 2:
1004 4359 1183 4441 παραλόγως
1201 4363 1363 4435 σκοποῦσιν,

286 4482 392 4539 temere
413 4476 650 4548 recantantur,
675 4469 729 4534 ubi
741 4492 778 4534 ex
793 4471 966 4536 coniectura
985 4470 1153 4555 repositum
1173 4478 1220 4535 est
1230 4490 1284 4555 pro
1300 4459 1364 4544 παρ’
1477 4486 1479 4523 ι
