2994 5234
781 423 843 484 1118

309 618 486 702 Sequuntur
517 617 653 701 proxime
676 618 766 681 haec:
791 618 804 680 o‘
827 619 880 695 μὲν
903 619 962 699 γὰρ
984 617 1078 700 ὥσπερ
1102 622 1149 685 ἐπὶ
1178 624 1274 701 κλήρου
1296 632 1340 695 τῆς

264 733 418 808 συμφορᾶς
451 728 534 801 οὔσης
564 727 802 808 ἄμφκβκτήυοου
833 727 902 802 ήκευ.
949 727 1000 791 Sic
1031 729 1129 793 Palat.
1139 757 1148 807 3
1173 739 1252 793 recte
1272 752 1343 794 nunc

264 839 426 916 ἐπικλήρου.
472 836 585 900 'lamen
614 836 780 899 admodum
810 837 922 900 durum
954 847 1001 901 est
1032 839 1236 915 calamitatem
1258 840 1344 922 ipsam

264 946 359 1009 filiam
387 942 617 1008 haereditariam
647 944 726 1020 dioi3
756 966 817 1008 non
846 967 893 1008 res
916 946 960 1009 rei
983 954 1179 1031 comparatur
1202 947 1254 1010 sed
1277 947 1345 1009 actio

265 1057 376 1121 actioni
386 1083 395 1133 3
421 1063 451 1118 et
474 1055 619 1132 tertium,
644 1055 726 1140 quod
744 1055 875 1132 dicitur,
893 1057 1128 1141 comparationis
1144 1064 1191 1119 est
1206 1056 1348 1140 cupiditas

265 1165 451 1230 vindicandi.
497 1165 599 1230 Multo
627 1166 723 1250 igitur
751 1166 853 1250 aptius
884 1175 915 1229 61
943 1166 1113 1250 elegantius
1138 1166 1249 1229 omisso
1272 1167 1349 1241 οὔσκς

265 1276 327 1360 legi
359 1297 448 1360 posse
478 1273 600 1338 videtur
627 1278 664 1346 ὡς
691 1276 754 1354 περὶ
778 1276 929 1354 ἐπικλήρου
953 1285 1005 1350 τῆς
1029 1280 1185 1358 συμφορᾶς
1206 1277 1351 1353 dabreta-

265 1387 375 1466 τήυουν,
410 1385 447 1448 de
480 1384 651 1448 calamitate
682 1392 829 1468 tanquam
861 1384 899 1449 de
929 1385 993 1448 filia
1015 1386 1218 1449 haereditaria
1239 1409 1351 1451 mecum

266 1502 447 1560 certaturus.
497 1493 578 1558 Nam
601 1495 635 1557 in
658 1494 808 1559 eiusmodi
832 1497 1060 1561 constructione
1082 1504 1192 1559 notum
1216 1504 1262 1560 est
1276 1518 1353 1581 prae·

265 1604 447 1690 positionem
479 1627 597 1689 semper
628 1605 720 1668 semel
740 1606 953 1669 tantummodo
970 1605 1120 1670 collocari.
1156 1605 1286 1691 Largam
1309 1627 1353 1669 co

266 1715 349 1799 piam
374 1715 581 1798 exemplorum
601 1712 863 1791 161610616166,
882 1737 944 1778 var.
961 1714 1046 1779 Lect.
1063 1739 1093 1801 p.
1113 1718 1194 1793 164,
1212 1716 1266 1779 ubi
1281 1736 1354 1800 quae

268 1823 437 1887 contrariae
460 1823 588 1886 rationis
612 1823 750 1907 exempla
774 1823 920 1887 attulerat
942 1823 1163 1888 Stallbaumius
1187 1825 1226 1888 ad
1246 1823 1352 1887 Phaed.

268 1957 297 2019 p.
314 1938 366 1999 67.
392 1934 420 1997 D
445 1935 650 2018 corriguntur.
697 1933 818 1998 Subtile
841 1944 943 1999 tamen
967 1935 1132 1999 discrimen
1152 1936 1235 2019 quod
1252 1934 1356 1998 consti-

270 2045 331 2107 tuit
356 2045 436 2108 inter
459 2044 522 2122 οοερὶ
546 2052 599 2118 τής
622 2048 776 2126 συμφορᾶς
800 2047 837 2115 ὡς
860 2045 923 2123 περὶ
948 2047 1099 2124 ἐπικλήρου
1124 2053 1155 2108 61
1172 2049 1209 2117 ὡς
1226 2045 1286 2124 περὶ
1298 2045 1355 2108 ἕπο-

270 2155 372 2235 κλήρου
391 2163 444 2228 τῆς
460 2157 629 2237 συμφορᾶς,
649 2155 831 2218 etsiverum
854 2155 910 2231 sit,
934 2162 1038 2219 tamen
1061 2178 1101 2218 an
1123 2176 1186 2218 non
1202 2156 1243 2219 sit
1257 2176 1356 2238 perpe·

269 2272 359 2327 tuum
388 2264 506 2328 dubito.
553 2263 592 2327 In
623 2265 724 2347 priore
748 2265 975 2328 constructione
999 2267 1031 2328 in
1054 2266 1122 2349 ipso
1145 2265 1238 2329 verbo
1260 2267 1356 2328 inesse

270 2375 526 2459 comparationem
567 2380 671 2456 putat,
707 2374 738 2436 in
775 2372 869 2436 altera
903 2372 1130 2438 substantivum
1165 2373 1353 2438 substantivo

271 2484 471 2567 aequiparari.
506 2483 583 2560 Sed,
604 2491 640 2546 ut
660 2483 718 2546 hoc
737 2483 805 2545 loco
824 2490 910 2560 utar,
931 2482 1091 2547 Platonem
1111 2485 1143 2548 in
1159 2483 1250 2570 prl.
1268 2482 1353 2546 VIII.

271 2618 301 2679 p.
328 2595 402 2656 553.
428 2592 463 2655 B.
489 2592 671 2656 scribentem
694 2593 855 2657 creincort
878 2590 973 2672 ὥσπερ
997 2594 1065 2673 πρὸς
1088 2593 1193 2673 ἕρμοοτυ
1213 2604 1250 2675 τή
1266 2594 1359 2667 πόλει,

272 2704 401 2767 dixerim
433 2725 495 2767 non
526 2711 633 2768 notare
664 2705 698 2767 in
727 2705 904 2768 universum
933 2705 1167 2769 similitudinem
1194 2704 1311 2789 scopuli
1331 2707 1358 2764 et

274 2814 423 2888 civitatis,
456 2811 509 2874 sed
532 2813 681 2876 rationem
706 2834 768 2896 qua
784 2813 945 2882 allidatur.
992 2813 1193 2898 Eandemque
1215 2815 1358 2877 rationem

273 2944 337 2986 esse
361 2928 436 3006 puto
460 2922 493 2984 in
518 2921 565 2984 his
589 2920 704 2985 Phaed.
731 2924 804 2984 115.
829 2922 865 2985 Β.
890 2921 1358 3003 ὥσπερκοοτ’1χυήτο“ουῦυεὶρ1·

269 3030 345 3109 ρκὲυοο
367 3069 412 3081 --
434 3031 497 3111 ζήυ,
523 3039 554 3095 61
572 3030 648 3095 Luc.
673 3032 719 3095 bis
744 3032 816 3096 Aoo.
841 3033 907 3115 (47)
932 3034 973 3094 al
997 3029 1091 3112 ὥσπερ
1117 3030 1214 3107 ἱκέτήυ
1240 3032 1287 3095 ἐπὶ
1316 3028 1359 3093 τὸυ

272 3146 321 3205 τοῦ
346 3139 425 3206 ἐλέου
450 3142 551 3219 βωμὸν
573 3144 625 3216 τήν
649 3143 743 3217 ήδουήυ
767 3148 968 3221 κοοτοοφυγεῖυ.
1005 3140 1093 3205 Nihil
1110 3142 1192 3205 enim
1208 3158 1358 3205 commune

272 3252 364 3315 habet
387 3254 482 3316 altare
506 3261 536 3316 et
559 3252 701 3336 voluptas
725 3253 785 3316 nisi
810 3252 893 3336 quod
917 3253 1021 3316 eadem
1046 3254 1163 3316 ratione
1187 3252 1359 3336 confugitur

273 3361 311 3424 ad
342 3369 517 3446 utrumque.
565 3362 659 3425 Plura
695 3363 786 3425 etiam
822 3361 960 3447 exempla
994 3363 1086 3426 huius
1123 3357 1353 3426 constructionis

273 3470 360 3534 affert
383 3472 474 3534 Dect.
499 3471 620 3548 Naber,
645 3471 825 3556 Tijdschrift
840 3494 914 3535 voor
929 3472 967 3536 de
983 3471 1108 3536 Nederl.
1126 3472 1238 3555 Gymn.
1259 3470 1351 3540 1861,

273 3604 303 3666 p.
329 3584 386 3661 68,
411 3604 478 3666 sqq.
521 3581 595 3645 Non
621 3582 720 3645 multa
748 3581 1006 3646 demonstratione
1035 3582 1139 3666 egebit
1162 3581 1301 3645 librarios
1325 3596 1357 3638 61

272 3695 309 3763 ὡς
344 3694 406 3769 περὶ
438 3691 486 3755 ἐπὶ
518 3691 659 3775 effingere
686 3692 823 3776 potuisse
845 3689 939 3771 ὥσπερ
964 3691 1030 3768 ἐπί,
1055 3712 1117 3774 quo
1140 3691 1221 3755 facto
1245 3698 1357 3753 1116611-

273 3801 373 3864 teutia
397 3807 549 3864 constaret
571 3801 655 3874 οὔσης
680 3806 745 3863 erat
768 3800 952 3863 addendum.

316 3912 333 3993 t
358 3913 408 3972 15.
457 3909 601 3972 Convicia
624 3910 656 3973 in
680 3931 728 3972 me
753 3909 892 3993 congerit
913 3907 1007 3987 ὥσπερ
1031 3909 1054 3972 εἰ
1077 3909 1209 3991 φοβερῶς
1229 3904 1357 3986 decadum

270 4019 387 4097 μέλλων
409 4020 503 4094 οὶλήήή
526 4019 622 4095 λέγω,
646 4021 717 4083 ἀλλ’
741 4021 791 4083 οὐκ
811 4017 847 4083 clv
871 4018 949 4083 ποίου
972 4026 1061 4102 πρᾷον
1080 4021 1117 4090 ὡς
1133 4019 1206 4093 μηδὲ
1221 4019 1356 4098 ψεύδηται

271 4136 372 4196 τοῦτο
401 4132 533 4205 ποιήσων.
570 4129 620 4192 Sic
643 4129 740 4192 Palat.
751 4156 760 4206 3
785 4129 923 4193 sanein:
949 4129 1048 4207 λέγειν
1073 4137 1102 4192 61
1126 4132 1262 4210 aimone.
1294 4123 1357 4187 Inu-

272 4240 327 4304 tile
358 4248 403 4304 est
435 4262 539 4303 omnes
571 4240 757 4304 coniecturas
790 4239 828 4302 ad
852 4240 934 4303 huno
957 4239 1059 4302 locum
1082 4239 1177 4303 lactas
1203 4249 1354 4302 recensere·

272 4351 405 4414 Tantum
431 4349 582 4414 contendo
605 4350 736 4428 Φοβερῶς
759 4347 905 4429 ὀυομήζεου
930 4349 995 4413 τουοὶ
1014 4370 1077 4411 non
1092 4368 1182 4433 posse
1199 4346 1356 4431 significare·
