3002 5240
649 420 671 484 ’7

134 618 202 682 mihi
232 618 355 704 quidem
376 620 471 683 nimia
493 628 524 685 et
547 643 640 705 paene
664 618 797 704 insipida
820 621 962 685 videntur
984 629 1015 685 et
1037 622 1201 701 eiusmodi,

133 737 162 792 nt
184 731 233 794 vix
256 731 494 797 Atheniensibus
517 733 669 818 imponere
692 732 857 816 potuerint.

170 841 273 927 Simile
303 853 364 921 est,
394 843 477 928 quod
507 866 595 929 saepe
619 843 673 928 qui
696 842 804 908 dicunt
826 842 864 907 de
887 843 1126 909 adversariorum
1148 846 1202 909 im·

131 954 270 1039 pudentia
292 966 469 1041 queruntur,
494 958 547 1041 qui
569 958 625 1022 soli
647 956 775 1020 omnibus
790 955 971 1042 persuadere
987 963 1135 1020 conentur
1150 956 1199 1039 (ci.

130 1065 162 1128 ad
184 1068 235 1130 20.
263 1070 303 1130 10
327 1067 418 1131 etad
441 1090 484 1132 01.
509 1069 551 1131 24
575 1069 679 1131 etto.
706 1068 769 1151 32),
795 1067 974 1152 quasivero
998 1089 1060 1131 non
1083 1067 1199 1131 intelle·

33 1196 35 1253 j
127 1185 207 1260 gant,
232 1178 313 1243 inter
335 1202 400 1256 eos,
425 1180 478 1264 qni
494 1185 630 1257 taceant,
647 1179 760 1243 multos
776 1201 840 1243 esse
855 1202 944 1264 posse
960 1180 1014 1264 0111
1030 1177 1199 1242 adversario

127 1290 341 1369 assentiantur,
373 1298 426 1355 ant
454 1292 498 1354 sic
527 1292 602 1376 ipsis
633 1298 750 1355 constet
773 1290 811 1354 de
834 1290 1024 1368 innocentia,
1049 1299 1084 1353 ut
1107 1312 1198 1353 sanus

31 1392 33 1405 ⁴
126 1378 209 1465 honri>
232 1424 272 1466 10
289 1404 385 1485 poerit
400 1403 522 1486 quidem
538 1403 627 1466 aliter
641 1402 793 1480 iudicare,
810 1424 901 1486 quam
917 1403 986 1487 ipsi.
1009 1402 1048 1467 In
1064 1402 1199 1465 oratione

123 1513 207 1575 tertia
230 1514 274 1598 (in
298 1514 462 1600 Simonem)
485 1522 571 1601 optat
593 1537 679 1592 reus,
704 1520 739 1578 ut
763 1515 930 1578 accusatori
945 1514 1027 1578 idem
1042 1513 1123 1599 quod
1140 1513 1198 1577 sibi

125 1623 252 1709 placeat,
286 1633 317 1689 et
347 1626 420 1690 velit
450 1649 518 1690 vera
541 1626 646 1690 testari
670 1627 697 1710 (0
720 1627 784 1709 21).
820 1624 899 1689 Vide
922 1625 1067 1690 callidum
1089 1633 1199 1689 vetera-

124 1742 229 1813 torem,
263 1738 318 1820 qni
349 1737 386 1802 eb
418 1738 558 1802 omnibus
590 1736 714 1801 concedi
745 1736 897 1821 postulet,
929 1745 964 1800 ut
991 1738 1056 1822 ipse
1078 1737 1199 1800 nullum

123 1847 212 1927 possit
227 1848 421 1912 mendacium
436 1850 631 1913 committere.
655 1847 761 1912 Simile
777 1847 853 1931 quid
869 1858 915 1911 est
930 1848 964 1911 in
979 1847 1198 1912 Theomnestea

122 1959 182 2040 (10)
203 1961 220 2044 b
246 1961 297 2022 15.
341 1958 404 2039 Qui
434 1960 606 2023 vicesimam
632 1959 753 2043 scripsit
776 1959 944 2022 orationem
967 1981 1003 2022 ex
1026 1959 1197 2023 imitatione

121 2066 223 2153 Lysiae
255 2072 339 2154 (11011
368 2071 464 2145 oratio
492 2070 568 2135 mihi
591 2092 653 2133 non
677 2069 805 2153 Lysinoe
828 2069 959 2154 videtur)
982 2091 1017 2133 eo
1040 2072 1195 2156 pervenit,

121 2187 151 2242 ut
180 2181 217 2245 ad
249 2182 331 2247 senis
358 2182 562 2246 innocentiam
585 2180 806 2246 defendendam
829 2180 957 2258 diceret,
981 2203 1043 2244 non
1070 2184 1194 2268 quiaque

120 2290 221 2356 diebus
250 2293 331 2358 inter
362 2269 599 2379 quadringentos
630 2317 732 2358 senem
754 2293 866 2370 fuisse,
891 2293 1194 2378 0101101001οφ-

120 2404 248 2485 tcapa'oto
281 2385 376 2477 auitos
405 2405 804 2491 nondeiiquisset'(§10).
840 2403 985 2468 Oratione
1009 2406 1049 2467 31
1075 2413 1193 2485 orator,

120 2512 203 2580 Philo
211 2566 221 2595 ,
246 2516 368 2600 inquit,
393 2539 445 2579 vos
461 2539 555 2581 0011100
570 2517 676 2582 relicta
691 2516 765 2581 urbe
780 2516 930 2594 deseruit;
947 2515 1195 2600 indignissimum

119 2625 218 2704 inerit,
244 2628 348 2691 sivos
371 2627 564 2693 hunericum
586 2652 648 2693 uon
671 2628 882 2714 improbaretis
905 2631 933 2714 (0
955 2631 1019 2713 31).

157 2739 294 2825 Apparet
316 2761 353 2802 ex
376 2740 438 2817 his,
463 2763 524 2804 non
547 2748 610 2804 tam
632 2741 785 2805 studuisse
808 2740 933 2825 Lysiam
955 2740 1122 2804 orationem
1145 2761 1194 2802 va·

117 2848 188 2923 riare
210 2872 269 2939 pro
292 2850 418 2915 diversis
442 2852 609 2931 dicentium
630 2852 783 2930 moribus,
809 2874 900 2939 quarn
924 2852 1116 2916 innocentiae
1132 2873 1194 2915 om·

116 2959 184 3037 nino
207 2961 340 3046 speciem
363 2961 535 3037 dicentibus
555 2962 716 3027 conciliare
734 2985 770 3026 01
788 2963 941 3047 imperitia
957 2964 1000 3026 rei
1015 2962 1192 3027 iudiciariae

117 3077 143 3132 ct
174 3072 281 3147 nativa
309 3073 440 3158 quadam
471 3074 675 3158 simplicitate.
721 3072 799 3138 Vere
829 3073 935 3139 Oicero
965 3073 1050 3138 Orat.
1076 3075 1105 3137 6.
1131 3076 1191 3137 20:

116 3180 166 3255 „in
196 3182 363 3266 eodemque
393 3206 502 3268 genere
534 3184 642 3273 (tenui)
673 3184 727 3247 alii
755 3183 877 3262 callidi,
913 3183 965 3248 sed
999 3184 1131 3268 impoliti
1162 3192 1192 3248 et

117 3296 238 3361 0100020
262 3297 377 3360 rodium
399 3295 506 3359 similes
528 3302 556 3360 et
578 3293 807 3378 imperitorum.'’
842 3293 889 3359 Of.
914 3293 1063 3373 Quinctil.
1080 3294 1141 3359 IH.
1161 3298 1191 3360 8.

118 3404 173 3466 512
195 3404 328 3490 „Lysias
351 3407 465 3491 optime
489 3407 608 3471 videtur
630 3407 663 3470 in
686 3406 743 3483 iis,
768 3426 846 3490 quae
869 3404 1019 3469 scribebat
1043 3406 1190 3486 indoctis,

116 3537 268 3589 „servasse
306 3517 442 3581 veritatis
483 3517 604 3582 fidem.’'
632 3516 689 3580 IX.
715 3519 745 3579 4.
772 3519 830 3581 lt:
860 3515 988 3600 (Lysias)
1009 3514 1192 3593 ,scribebat

116 3626 219 3706 ‚,aliis,
249 3650 311 3705 non
340 3628 405 3713 ipse
436 3627 574 3705 dicebat,
597 3635 633 3691 ut
655 3626 823 3712 oportuerit
844 3648 909 3690 esse
931 3625 986 3689 illa
1007 3625 1135 3690 rudibus
1159 3634 1190 3692 et

116 3736 343 3823 „incompositis
366 3738 494 3816 similia3
519 3737 601 3822 quod
624 3737 725 3822 ipsum
747 3736 926 3822 compositio
950 3735 1026 3800 est.’'

440 3962 488 4025 Dc
511 3959 661 4025 decumae
683 3957 864 4045 (ἰσχνότητι).

156 4179 234 4245 Sunt
257 4180 337 4245 inter
359 4203 427 4258 coe,
452 4180 563 4266 quibus
583 4180 690 4266 Lysias
713 4180 866 4244 orationes
883 4179 1023 4265 scripsit,
1040 4202 1116 4265 quos
1137 4179 1189 4242 isti

117 4312 210 4355 mores
239 4314 346 4377 parurn
369 4291 549 4356 decuissent.
596 4292 633 4355 Iu
657 4292 1132 4385 0101010111Ἐρατοσθένους,
1156 4292 1189 4355 11

118 4399 332 4469 Theomnestea
357 4404 475 4488 priore,
506 4406 538 4469 in
567 4404 621 4469 ilia
651 4427 727 4490 quae
749 4402 926 4467 inscribitur
947 4402 1036 4483 δήμου
1059 4400 1189 4467 caratt-
