2958 5238
654 451 693 513 85

119 649 187 714 XV.
223 653 305 732 149)
339 652 418 716 καιοά
447 649 634 732 ἕογάζεοθαι,
659 652 708 715 καὶ
731 650 797 721 τοὺς
820 648 960 720 τοιούτους
984 651 1120 716 ἕτοιιυεῖυ.
1169 655 1214 718 Οὐ

118 763 176 843 yde
204 766 256 827 οἴου
285 768 397 844 πρῶτον
420 764 460 843 τῷ
485 763 610 844 ὑμετέρῳ
632 746 734 835 πλήθει
757 762 901 827 τάναντία
923 760 1056 837 ἔπραξεν.
1103 762 1214 828 Reiske

118 896 178 938 non
211 876 374 961 perspexit
404 897 518 940 nerum
549 875 786 951 sententiarum,
819 874 872 958 qui
901 873 1048 959 abruptus
1072 880 1119 937 est
1141 896 1214 958 quo-

117 984 287 1049 dammodo
296 1012 307 1063 ;
332 1008 402 1050 nam
425 987 499 1050 haec
523 987 566 1049 ita
582 985 763 1049 cohaerent:
780 985 930 1062 „miratus
946 1006 1015 1048 snm
1031 1007 1096 1048 esse
1112 985 1215 1048 etiam-

116 1119 224 1175 „nunc
253 1099 313 1183 qui
344 1098 577 1163 Eratosthenem
610 1097 792 1174 defendant;
823 1136 867 1145 -
898 1119 1083 1182 quamquam
1109 1097 1214 1161 mirari

116 1208 269 1287 ‚‚desino,
307 1210 360 1273 nbi
391 1218 517 1294 reputo,
548 1208 700 1272 maleficos
725 1232 742 1271 a
764 1208 907 1272 maleficis
932 1207 1054 1272 defendi
1061 1235 1070 1284 ;
1097 1206 1212 1270 —hic

117 1321 221 1395 „enim
233 1343 303 1384 non
315 1343 397 1385 nune
408 1322 541 1406 primum
549 1326 666 1384 vestrae
677 1320 854 1384 obversatur
862 1318 1087 1383 multitudini.”
1111 1317 1212 1382 Filum

116 1431 212 1515 igitur
237 1432 389 1495 orationis
412 1430 576 1516 abruptum
599 1453 653 1516 per
675 1431 769 1507 τλήυ,
794 1430 958 1494 resumitur
982 1437 1051 1516 post
1067 1432 1209 1514 ἕταιυοῖυ,

118 1548 147 1603 ct
176 1541 257 1622 γάρ,
285 1542 480 1607 referendum
503 1542 541 1606 ad
565 1543 738 1627 superiora,
764 1540 972 1605 admirationis
997 1563 1119 1605 cansam
1142 1564 1211 1626 sug·

119 1653 213 1736 gerit;
240 1653 282 1716 cf.
309 1676 402 1738 supra
423 1655 440 1738 t
464 1655 515 1718 27.
563 1651 657 1732 Quod
681 1652 707 1714 si
729 1652 772 1714 ita
796 1659 858 1729 est,
884 1674 938 1737 pro
963 1653 1031 1733 ὑπὲρ
1054 1657 1147 1718 αὐτῶν
1170 1653 1212 1718 le·

120 1763 254 1848 gendum
287 1765 356 1844 ὑπὲρ
384 1767 504 1829 αὐτοῦ.
549 1762 621 1827 Non
654 1786 717 1826 esse
748 1762 868 1827 videtur
898 1785 952 1827 cur
983 1785 1051 1827 cum
1075 1764 1210 1850 Kaysero

120 1874 271 1956 quaedam
297 1882 365 1960 post
389 1876 514 1938 ἑταιυοῖυ
536 1873 727 1938 intercidisse
749 1881 901 1958 putemus.

161 1985 178 2069 t
202 1987 257 2049 53.
306 1985 426 2057 Πολλάς
449 1983 574 2065 ἑκάτεροι
597 1984 718 2056 §tudae
742 1984 861 2065 εἴχομεν
882 1985 949 2065 πρὸς
968 1986 1114 2061 ἀλλήλους
1131 1987 1209 2052 ἔτεο-

120 2098 178 2175 θοιι,
209 2103 248 2173 ὡς
280 2101 442 2181 ἀμφότεροι
465 2098 625 2177 ἐδείξαμεν,
649 2137 694 2146 -
715 2098 886 2177 Ἑδείέαμευ
909 2120 965 2183 pro
988 2098 1087 2174 ἔδοξαν
1110 2120 1209 2183 recep-

119 2215 184 2273 tum
217 2218 267 2276 est
298 2211 419 2275 monitu
451 2210 555 2288 Gecli,
586 2211 640 2294 qui
671 2211 798 2295 primam
827 2231 986 2295 personam
1008 2211 1207 2274 necessariam

122 2341 183 2384 csse
215 2322 315 2398 vidit,
348 2330 385 2385 nt
415 2323 566 2386 sententia
597 2321 653 2384 sit:
686 2329 722 2384 ut
745 2322 868 2405 utrique
891 2321 979 2385 factis
1002 2321 1206 2406 probavimus.
1266 2315 1268 2319 ’

123 2428 178 2494 Sed
207 2432 383 2498 difficiliora
405 2441 479 2497 sunt
502 2434 619 2518 priora;
644 2455 713 2496 nam
738 2455 995 2518 supervacaneum
1019 2441 1065 2497 est
1086 2455 1207 2497 monere

123 2542 187 2617 πρὸς
210 2545 361 2619 ἀλλήλους
386 2546 499 2610 ἔσεσθαι
523 2565 585 2607 non
609 2565 697 2628 posse
720 2544 907 2627 significare3
926 2549 1034 2610 alterae
1048 2548 1207 2611 adulteros

124 2673 296 2721 accessuros
319 2654 456 2739 (Boiam).
481 2651 723 2749 Rauchenstein:
747 2660 808 2718 wir
829 2658 954 2719 ιοιλοάια
977 2657 1150 2721 beidersec'ts
1174 2682 1206 2722 so

119 2785 210 2848 pepon
242 2770 386 2832 ουὀιυοιάον
416 2772 480 2830 scic
510 2803 553 2814 -
583 2788 615 2829 so
645 2768 831 2829 versdtcliclr
862 2804 905 2814 -
936 2771 994 2830 wie
1015 2769 1097 2832 beidc
1119 2773 1207 2834 ἀλαοῖο

122 2881 240 2961 septen.
290 2876 349 2941 Sed
373 2876 446 2941 haec
469 2877 501 2940 in
524 2875 623 2940 verbis
647 2898 708 2939 non
732 2876 838 2940 insunt
845 2903 853 2953 ;
876 2899 948 2941 nam
962 2885 999 2941 nt
1014 2899 1120 2962 graece
1135 2880 1205 2943 talis

121 2990 272 3052 sententia
295 2987 466 3064 efferretur,
489 2986 673 3051 mutandum
696 2988 789 3052 foret:
811 2988 889 3069 περὶ
912 2990 1059 3064 ἀλλήλους
1080 2989 1202 3075 ἔσεσθαι,

122 3090 180 3161 οἷοι
203 3099 307 3183 (ὄντες)
330 3100 491 3181 ἀμφότεροι
515 3097 674 3177 ἐδείξαμεν.
722 3098 794 3164 Non
818 3100 899 3165 enim
922 3123 1064 3186 graecum
1084 3110 1130 3167 cst
1145 3104 1204 3181 εἰμὶ

122 3210 182 3287 aspi
202 3234 272 3276 τιυα
294 3209 396 3286 οὕτως,
420 3213 456 3282 ὡς
480 3233 535 3296 pro
558 3216 697 3286 τοιοῦτος’,
717 3206 780 3282 οἶος.
816 3210 1008 3276 Hamakerus
1036 3215 1204 3278 sententiae

124 3328 207 3417 putat
237 3322 409 3386 satisfacere
439 3322 690 3400 διαλλαγήσεσθαι
718 3344 773 3409 pro
796 3321 924 3399 ἔσεσθαι,
947 3321 1106 3388 Scheibius
1130 3325 1202 3389 olim
1233 3370 1235 3374 ,

19 3452 20 3485 ι
125 3435 282 3518 proposuit
311 3435 489 3500 σπείσεσθαι.
535 3433 595 3499 Sed
625 3435 688 3498 sive
718 3433 793 3510 hoc,
822 3434 885 3498 siue
907 3434 1004 3512 illud,
1029 3436 1091 3499 sive
1119 3435 1203 3501 aliud

19 3548 20 3551 ’
124 3527 225 3610 similis
250 3546 481 3630 significationis
505 3545 688 3610 vocabulum
711 3544 889 3623 adsciveris,
912 3546 1013 3609 minus
1029 3553 1100 3632 apta
1115 3558 1215 3617 erunt,

19 3636 20 3647 ἀ
127 3674 194 3736 qnae
227 3666 416 3742 sequentum
448 3680 519 3722 nam
549 3666 619 3743 post
649 3664 913 3722 commemoratam
943 3656 1071 3721 foederis
1099 3680 1200 3743 spem,

127 3786 195 3848 quae
220 3777 331 3834 eventu
343 3768 539 3854 comprobata
555 3770 595 3832 sit
611 3769 658 3851 (ὡς
673 3770 756 3849 ἀμφ.
773 3767 840 3851 εὶ),
858 3776 1012 3853 exspectes
1028 3769 1060 3831 in
1077 3790 1202 3852 sequen-

126 3876 199 3945 tibus
232 3882 338 3946 foedus
370 3882 481 3945 initum
510 3888 564 3944 ant
595 3888 675 3944 certe
703 3886 857 3944 tentatum
879 3880 950 3944 dici.
998 3879 1092 3960 Quod
1115 3903 1201 3945 secus

125 4001 177 4070 est3
200 3993 279 4059 nihil
302 3994 384 4058 enim
406 3993 444 4056 iis
467 3991 696 4077 comprobatur,
721 4013 814 4074 quam
836 3992 972 4056 animum
989 4006 1080 4076 atque
1096 3992 1201 4057 volun-

124 4110 208 4170 tatem
241 4107 354 4170 civium
385 4104 424 4168 ad
452 4103 729 4168 reconciliationem
761 4102 855 4191 fuisse
886 4103 1060 4188 proclivem.
1113 4102 1201 4166 Hanc

124 4210 209 4295 igitur
246 4239 331 4303 spem
365 4216 476 4280 fovisse
507 4223 653 4299 utrosque
684 4214 783 4279 verbis
815 4217 964 4300 corruptis
996 4215 1201 4299 significatum

125 4321 207 4392 fuisse
229 4327 361 4392 videtur.
398 4326 476 4391 Vide
499 4348 574 4390 num
597 4325 668 4389 ferri
690 4326 804 4411 possit:
829 4328 943 4397 τολλάς
967 4326 1092 4406 ἐκάτεροι
1115 4328 1198 4391 ε’λτί-

127 4433 170 4510 ἀοι
190 4440 308 4524 εἴχομεν
331 4446 413 4525 πρᾷοι
436 4441 504 4521 πρὸς
527 4438 671 4515 ἀλλήλους
696 4435 822 4520 ἔσεσθαι,
847 4441 883 4511 ἀς
906 4438 1065 4523 ἀμφότεροι
1090 4437 1197 4516 ἐδείξα-
