2958 5238
616 419 675 479 129

115 617 242 694 ὃποιτὴο
271 617 319 680 xxi
350 617 373 680 οἱ
405 617 587 694 προςήκονπες
613 616 851 693 torrentesut.
899 615 1033 701 Requiro
1058 622 1127 678 ante
1151 613 1183 690 ἧς

114 728 359 811 praepositionem
394 729 480 806 ὑπέρ,
510 750 573 791 non
600 726 682 811 quod
712 726 826 811 ubique
858 735 928 790 ante
953 726 1114 791 relativum
1146 726 1185 826 sit

113 838 284 922 repetenda,
309 839 362 904 sed
386 840 459 924 quia
481 840 518 903 iis
542 848 622 903 uerte
646 840 721 903 locis
747 840 799 904 ubi
822 839 983 903 relativum
1008 861 1095 902 snum
1125 859 1188 900 ver-

113 948 180 1012 bum
202 949 293 1014 habet
315 974 333 1012 a
355 951 449 1035 priori
472 950 625 1014 diversum
648 973 703 1015 neo
727 953 879 1015 sententia
901 950 1027 1014 relativa
1048 948 1187 1014 attributi

114 1059 209 1123 locum
240 1067 322 1125 tenet
354 1061 461 1145 (veluti
492 1065 545 1147 44)
578 1061 681 1126 abesse
709 1086 771 1127 nou
794 1071 903 1148 potest.
941 1062 987 1127 Of.
1009 1065 1061 1126 31.
1079 1062 1145 1123 -182
1164 1055 1190 1122 οἳ

114 1176 157 1235 νῦν
186 1173 265 1248 arira]
295 1171 330 1235 δι’
361 1172 433 1237 auri
460 1179 543 1236 τοῦτο
565 1174 623 1254 οὐχ
644 1167 694 1238 οἷοί
715 1177 743 1238 π’
764 1175 832 1239 siole
856 1173 1017 1250 ἐπεξελθεῖν
1039 1169 1187 1251 ἅπαντες,

61 1362 62 1367 ¹
114 1281 144 1345 δι’
172 1281 239 1362 ὅπερ
268 1282 563 1348 misereaturtui
587 1294 623 1364 τῇ
647 1283 730 1348 πόλει
754 1284 865 1362 βοηθεῖν
893 1281 975 1359 ἦσαν.
1022 1281 1081 1346 Sed
1105 1302 1189 1371 prae·

114 1390 190 1455 terea
213 1393 305 1456 etiarn
328 1394 471 1477 repetitio
495 1395 728 1479 praepositionis
752 1396 825 1458 satis
849 1395 963 1458 usitata
981 1404 1035 1458 est.
1069 1394 1190 1455 2215.

114 1505 139 1567 ἐν
167 1504 276 1576 τούτοις
305 1511 364 1574 τοῖς
394 1513 498 1584 καιροῖς
522 1505 754 1583 ἐπιβουλεύουσιν
779 1510 864 1583 ἡμῖν,
889 1508 916 1569 ἕν
939 1501 1035 1582 οἷσπερ
1058 1507 1082 1571 οἱ
1106 1506 1191 1569 πολέ-

113 1640 174 1691 μιοι.
221 1617 272 1678 18.
298 1619 334 1677 5:
363 1617 392 1680 ε’ν
418 1615 532 1697 τοιούτῳ
555 1620 639 1697 καιρῷ
663 1618 691 1681 ἐν
714 1611 744 1699 ᾧ.
781 1619 832 1681 26.
860 1620 917 1680 13ε
942 1618 970 1680 ε’ν
993 1616 1104 1688 ἐκείνοις
1127 1623 1188 1687 τοῖς

112 1726 233 1806 χρόνοις,
267 1728 295 1789 ἐν
328 1721 365 1796 οἷς
396 1727 555 1802 ἀπήγοντο.
602 1726 746 1791 Similiter
781 1731 830 1791 13.
856 1730 915 1804 93,
940 1727 1050 1791 Aeseh.
1075 1730 1105 1790 3.
1130 1730 1193 1804 815

112 1835 201 1901 lsoor.
232 1840 262 1899 6.
288 1839 348 1914 45,
379 1840 407 1902 7.
433 1839 485 1900 48.
533 1840 614 1901 Ante
645 1839 867 1923 appositionem
899 1838 1082 1923 praepositio
1110 1861 1193 1922 repe·

112 1948 164 2012 tila
194 1957 240 2013 est
272 1950 302 2011 3.
328 1951 386 2011 25:
415 1946 478 2027 περὶ
503 1948 603 2013 τούτου
633 1950 732 2025 μόνου,
763 1950 824 2028 περὶ
848 1955 897 2014 τοῦ
921 1949 1067 2014 δεδωκέναι
1091 1951 1124 2014 τὸ
1145 1952 1192 2030 οἱο-

112 2060 212 2139 pepios.
261 2059 520 2143 Praepositionem
561 2083 624 2124 esse
669 2048 863 2145 repetentiam
902 2068 972 2147 post
1006 2061 1193 2125 adversativa

111 2173 160 2236 κου’
180 2210 225 2220 -
249 2171 302 2235 κου’
323 2194 376 2256 per
399 2194 431 2236 se
453 2171 659 2257 intellegitur3
680 2172 826 2257 utsupra
844 2176 881 2235 11
900 2172 1012 2251 subl,
1034 2195 1126 2258 quare
1141 2175 1157 2257 q
1174 2177 1192 2235 6

113 2281 171 2363 lit,
195 2285 212 2367 q
239 2285 279 2344 13
305 2283 372 2362 πρός
396 2305 465 2347 oum
489 2282 605 2347 Cobeto
628 2293 699 2368 post
722 2285 772 2348 κου’
794 2284 1059 2369 interponendum.

153 2392 300 2456 Ceterum
322 2390 393 2456 οὕτω
417 2398 487 2455 ante
511 2393 744 2470 πολιτευομένους
769 2404 944 2479 suspectum
966 2395 1043 2458 mihi
1067 2403 1121 2458 est.

154 2502 227 2567 Non
250 2503 330 2566 mala
352 2511 397 2566 est
422 2504 536 2580 oratio,
557 2504 608 2568 vix
624 2511 725 2568 tamen
742 2504 834 2590 digna
850 2530 927 2590 quae
944 2529 961 2569 a
977 2506 1113 2584 Dobreo,
1132 2528 1193 2570 ver·

112 2615 216 2680 borum
241 2616 419 2699 ceteroquin
442 2624 503 2679 tarn
527 2639 634 2700 pareo,
652 2617 772 2681 dicatur
788 2625 1100 2702 „praestantissimum
1115 2619 1194 2701 frag·

113 2726 303 2805 „mentum”
349 2725 422 2790 Non
453 2749 593 2811 magnam
625 2727 717 2790 habet
739 2729 923 2792 inventionis
946 2752 1044 2814 neque
1069 2728 1195 2813 disposi-

114 2839 201 2902 tionis
225 2838 367 2917 laudem3
391 2845 457 2902 tum
482 2840 573 2902 etiam
597 2838 702 2901 eadem
725 2840 876 2903 sententia
892 2841 1012 2924 saepius
1029 2841 1194 2925 repetitur,

115 2951 192 3033 quod
219 2949 300 3013 nihil
322 2950 495 3014 mirandum
520 2961 566 3013 est
589 2951 620 3012 in
645 2950 783 3013 iudicum
807 2952 997 3028 exoratione,
1028 2973 1088 3036 qua
1109 2950 1197 3013 absu-

113 3063 206 3126 mitur
236 3069 302 3124 tota
332 3062 428 3124 oratio
456 3062 504 3145 (61.
528 3063 545 3145 q
570 3063 586 3122 1
611 3057 848 3140 &reportaturos
873 3071 902 3126 61
925 3085 1003 3146 quae
1027 3069 1198 3146 sequuntur

115 3195 182 3236 oum
215 3176 256 3235 21
290 3172 339 3236 xxi
362 3178 417 3237 τῶν
439 3172 581 3252 προγόνων
604 3178 659 3237 πῶν
683 3174 824 3252 ἡμετέρων
847 3181 877 3236 61
900 3196 970 3237 euin
994 3177 1036 3236 21
1061 3180 1116 3237 τῶν
1139 3175 1197 3254 pop

116 3284 306 3363 προςνιιόνπων
344 3284 368 3347 οἱ
407 3284 460 3360 μὲν
490 3304 554 3366 sqq.
565 3309 574 3359 3
613 3284 630 3367 p
661 3285 679 3344 8
711 3283 803 3347 κοιίποι
834 3284 907 3355 τίνες
939 3306 1008 3347 oum
1035 3287 1073 3346 12
1106 3283 1198 3348 κοιίποι

116 3395 198 3461 δεινόν
217 3398 299 3479 sqq.)
319 3417 389 3457 nam
410 3394 520 3457 similia
538 3395 570 3457 in
591 3393 769 3457 huiusmodi
788 3395 1067 3480 argumentoapud
1084 3403 1198 3458 veteres

117 3515 249 3570 oratores
279 3503 378 3588 vulgo
403 3505 620 3581 inveniuntur3
654 3527 706 3589 per
738 3527 768 3568 se
801 3512 902 3569 tamen
934 3506 993 3568 tale
1022 3505 1096 3589 quid
1120 3505 1199 3569 nihil

118 3616 258 3700 pulcrum
281 3614 374 3678 habet
397 3637 453 3678 neo
477 3614 560 3697 quod
583 3636 766 3699 magnopere
790 3615 946 3694 admirere.
981 3615 1087 3679 Potest
1103 3617 1199 3679 oratio

66 3768 70 3777 ·
117 3725 191 3792 bene
216 3747 322 3812 graece
345 3725 457 3810 scripta
480 3731 510 3788 et
533 3724 734 3788 nihilominus
757 3725 859 3789 ieiuna
882 3749 956 3789 esse.

180 3967 249 4011 XIX.
279 3973 349 4010 mnne
364 3973 425 4010 ΤΩΝ
439 3972 651 4011 ΑΡΙΣΤΟΦΑΝΟΤΣ
665 3972 824 4011 ΧΡΗΜΑΤΩΝ
838 3974 909 4012 ΠΡΟΣ
930 3974 966 4012 ΤΟ
987 3974 1144 4013 ΔΗΜΟΣΙΟΝ.

164 4168 399 4252 AristophaneS,
435 4167 516 4230 lilius
550 4165 751 4251 Nioophemi,
788 4169 884 4252 eapite
920 4168 1081 4236 damnatus
1120 4183 1200 4248 erat,

121 4283 247 4365 eiusque
270 4280 351 4345 bona
374 4279 537 4366 publicata.
584 4279 631 4342 Ex
654 4280 690 4342 iis
715 4302 810 4364 quum
832 4281 933 4344 minus
956 4282 1084 4361 rediret,
1111 4307 1202 4368 quam

122 4393 289 4475 possedisse
313 4390 497 4476 putabatur,
523 4411 608 4454 socer
624 4389 838 4477 Aristophanis
855 4392 886 4455 in
903 4394 1104 4479 suspitionem
1120 4396 1203 4459 venit

1064 4510 1083 4565 9
