2994 5234
792 454 856 515 ala

275 651 313 714 de
337 649 427 714 rebus
451 648 583 713 civitatis
607 657 815 713 memorantur
836 650 853 733 5
873 650 914 710 22
938 670 1009 712 cum
1024 648 1154 712 historia
1169 650 1355 713 conveniunt.
1470 646 1471 657 ¹

274 760 356 825 Nam
379 760 463 843 quod
485 759 718 824 Lacedaemonii
741 760 888 824 dicuntur
908 760 1038 837 minari,
1056 759 1115 823 nisi
1131 761 1253 824 mittant
1268 759 1357 823 Athe·

273 871 393 934 nienses
413 869 573 953 pecuniam
590 867 725 932 debitam
749 870 955 952 (ἀπειλοῦντας
965 917 974 949 ,
995 866 1065 932 ύταν
1081 871 1123 943 μὴ
1138 867 1357 948 ἀποπέμψωμεν

274 982 372 1050 αὐτοῖς
394 979 435 1042 τά
454 979 612 1061 χρήματα)
636 978 769 1061 pertinet
792 977 831 1041 ad
854 986 977 1040 centum
994 976 1128 1055 talenta,
1146 999 1223 1060 quae
1239 977 1358 1060 triginta
1471 1000 1472 1041 ι

273 1088 330 1151 viri
360 1094 469 1151 mutua
500 1109 516 1149 a
543 1085 793 1150 Lacedaemoniis
823 1093 1011 1164 sumserunt,
1036 1094 1072 1150 ut
1095 1108 1182 1150 suam
1205 1093 1357 1150 tuerentur

273 1196 457 1282 potentiam,
492 1217 570 1279 quae
601 1195 722 1258 reddita
754 1201 860 1280 postea
891 1205 981 1273 sunt,
1013 1195 1051 1259 de
1075 1217 1136 1279 quo
1159 1196 1220 1260 loci
1246 1195 1357 1260 classici

271 1306 343 1390 Lys.
360 1308 410 1370 18.
429 1306 488 1382 58,
506 1326 567 1386 sq.‚
586 1303 681 1367 Isoer.
700 1306 729 1369 7.
744 1306 800 1382 68,
818 1303 906 1367 Dem.
924 1305 977 1368 20.
999 1305 1054 1381 ll,
1071 1327 1116 1387 sq.
1142 1304 1357 1369 Demosthenes

271 1416 387 1480 indicat
411 1414 515 1477 statim
539 1418 608 1496 post
631 1406 778 1496 populare
801 1413 962 1496 imperium
985 1413 1161 1477 restitutum
1179 1414 1218 1478 de
1234 1414 1281 1478 his
1296 1413 1357 1477 red·
1472 1450 1473 1505 3

270 1524 377 1589 dendis
402 1530 505 1586 actum
531 1544 612 1585 esse:
637 1521 686 1585 καί
709 1527 765 1585 τῶν
786 1522 840 1598 μέν
856 1559 902 1570 -
917 1560 977 1606 -,
997 1528 1052 1587 τῶν
1074 1523 1103 1587 δὲ
1124 1530 1209 1588 τοῦτο
1230 1530 1357 1602 πρῶτον

270 1631 398 1713 ύπάρξαι
428 1639 481 1705 τῆς
510 1625 640 1706 ὁμονοίας
669 1637 787 1706 σημεῖον
817 1629 981 1705 ἀξιούντων.
1028 1630 1089 1695 Sed
1120 1655 1182 1696 non
1205 1633 1356 1718 probabile

269 1749 315 1807 est
338 1763 405 1805 eam
428 1761 492 1803 rem
514 1745 577 1801 tam
601 1736 727 1801 dubiam
751 1745 843 1821 atque
866 1738 899 1801 in
923 1740 1051 1823 penuria
1073 1741 1206 1805 civitatis
1226 1750 1288 1806 tam
1302 1741 1355 1804 dif-

268 1851 378 1915 ficilem
400 1857 463 1913 tam
487 1847 571 1912 brevi
592 1853 776 1910 transactam
800 1847 904 1910 fuisse.
940 1846 1136 1912 Probabilins
1153 1860 1261 1933 quarto
1277 1871 1353 1915 anuo

267 1967 337 2045 post
360 1958 487 2042 triginta
510 1957 590 2020 viros
613 1955 737 2042 pulsos,
762 1978 824 2040 quo
847 1956 922 2020 haec
945 1956 1051 2021 habita
1073 1966 1120 2021 est
1135 1962 1250 2039 oratio,
1266 1961 1354 2025 etiam
1473 1976 1474 2005 ί

266 2069 410 2133 infectam
425 2089 487 2130 rem
503 2065 607 2129 fuisse.
637 2065 753 2129 Eodem
776 2073 912 2150 tempore
934 2066 1102 2131 seeundum
1119 2067 1352 2134 Nicomacheam

267 2179 288 2242 l.
312 2178 333 2242 l.
357 2177 467 2241 Boeoti
490 2178 584 2248 σύλας
607 2177 767 2256 ἐποιοῦντο,
789 2175 889 2260 quod,
911 2178 1014 2261 inquit
1031 2186 1150 2255 orator,
1168 2183 1200 2245 ού
1212 2181 1353 2258 δυναίμεθα

267 2289 314 2353 δύο
344 2286 483 2351 τάλαντοι
512 2284 679 2350 ἀποδοῦναι.
725 2283 782 2347 list
812 2284 870 2348 hoc
900 2307 972 2349 sane
1003 2309 1065 2351 non
1094 2287 1168 2353 alibi
1193 2296 1352 2364 testatum,

267 2397 320 2461 sed
351 2417 421 2460 vero
451 2404 554 2458 tamen
581 2392 689 2457 simile.
736 2393 845 2457 Boeoti
868 2394 949 2458 enim
973 2417 1070 2478 quum
1093 2404 1165 2461 ante
1187 2422 1290 2463 maros
1312 2397 1354 2460 di·
1474 2434 1475 2477 τ

265 2515 351 2570 rutos
383 2504 522 2568 acerrimi
549 2503 679 2566 fuissent
710 2501 813 2566 hostes
845 2504 1081 2568 Atheniensium
1112 2508 1352 2591 (abundabatis

264 2616 335 2680 ἀλλ’
364 2614 483 2692 ἐξαιρεῖν
511 2612 591 2676 Xer.
622 2610 704 2677 Hell.
729 2611 773 2676 II.
798 2615 828 2676 8.
855 2615 904 2696 5),
929 2614 991 2677 iam
1014 2615 1108 2698 paulo
1131 2624 1218 2700 post,
1243 2615 1352 2701 perspi-

264 2725 377 2788 cientes
401 2723 466 2786 sine
490 2722 584 2786 dubio
608 2728 759 2804 quantum
783 2723 956 2806 propinqua
976 2722 1288 2789 Lacedaemoniorum
1304 2746 1353 2810 po·

264 2840 356 2896 testas
384 2833 459 2916 ipsis
487 2832 673 2907 minaretur,
707 2829 745 2893 ad
770 2831 922 2895 saniorem
945 2840 1080 2896 mentem
1103 2834 1278 2914 redierunt,
1302 2834 1354 2898 La·

264 2941 524 3025 eedaemoniisque
540 2940 579 3003 ad
594 2940 722 3023 triginta
737 2940 818 3002 viros
836 2941 1054 3004 sustentandos
1070 2943 1184 3007 auxilia
1196 2950 1351 3029 negarunt.

263 3049 351 3130 Quae
382 3049 500 3133 gravati
531 3050 592 3112 sint
620 3055 725 3133 postea
755 3047 991 3128 Lacedaemonii
1020 3052 1205 3136 perspicitur
1234 3076 1250 3118 e
1276 3053 1351 3117 Xen.

263 3159 345 3223 Hell.
378 3158 440 3222 III.
471 3161 500 3221 5.
526 3162 563 3221 5:
594 3159 618 3222 οί
646 3159 742 3235 μέντοι
768 3157 989 3236 Λακεδαιμόνιοι
1013 3160 1133 3236 ἀσμενοι
1157 3162 1267 3240 ἔλαβον
1290 3162 1351 3242 πρύ-

262 3275 355 3349 Φασιν
383 3267 550 3347 στρατεύειν
580 3267 627 3332 ἐπὶ
659 3268 725 3338 τοὺς
750 3266 918 3343 Θηβαίους,
940 3266 1037 3333 πάλαι
1061 3269 1234 3351 ὀργιζόμενοι
1258 3275 1351 3342 αὐτοῖς

261 3387 314 3453 τῆς
337 3381 365 3442 τ’
386 3378 569 3457 ἀντιλήψεως
592 3385 645 3450 τῆς
668 3381 719 3440 τού
743 3375 926 3447 ’Λπόλλωνος
954 3376 1078 3452 δεκοίτης
1101 3380 1130 3442 ἕν
1150 3382 1293 3464 Δεκελείᾳ
1312 3380 1357 3464 (fi··

261 3488 328 3550 aito
359 3486 440 3551 bello
471 3484 749 3569 Peloponnesiaco,
782 3483 821 3547 cf.
851 3482 933 3547 Just.
960 3487 990 3547 5.
1018 3486 1070 3569 ll)
1093 3486 1213 3552 καὶτοῦ
1239 3489 1286 3554 ἐπί
1305 3489 1350 3553 τὸν

260 3599 382 3674 Πειραιά
410 3598 452 3673 μὴ
475 3596 609 3668 ἐθελῆσαι
636 3594 827 3664 ἀκολουθῆσαι
850 3590 946 3675 (Hell.
971 3591 1016 3656 ΙΙ.
1042 3595 1074 3657 4.
1098 3596 1164 3678 30).
1189 3600 1305 3677 ᾐτιῶντο
1326 3596 1349 3660 δ’

260 3707 366 3776 αὐτοὺς
392 3703 441 3770 καί
466 3704 617 3783 Κορινθίους
641 3708 741 3766 πεῖσαι
764 3702 807 3779 μὴ
830 3700 1045 3780 συστρατεύειν.
1092 3701 1141 3766 Id.
1166 3704 1228 3769 ΙΙΙ.
1246 3710 1276 3771 8.
1294 3709 1347 3768 25:

259 3814 309 3879 καί
333 3813 588 3892 συνεστρατεύοντο
610 3815 651 3891 τῷ
669 3810 772 3888 ’Ἄγιδι
795 3811 889 3883 πλὴν
912 3813 1150 3876 Βοιωτῶνκαὶ
1175 3817 1349 3895 Κορινθίων

259 3921 289 3989 οί
312 3927 340 3988 τ’
363 3921 448 3986 ἀλλον
478 3921 636 3999 σύμμαχοι
667 3919 717 3983 καὶ
748 3921 772 3984 οἱ
803 3918 947 3992 Ἀθηναῖοι
976 3918 1021 4001 (iu
1052 3922 1248 4005 expeditione
1278 3925 1348 3987 Elea

260 4056 287 4097 a.
302 4034 389 4113 401).
414 4028 494 4092 Add.
519 4030 551 4092 in
574 4028 730 4092 Eratosth.
755 4030 807 4090 58.
833 4028 879 4090 Ac
903 4028 1007 4091 statim
1031 4037 1101 4113 post
1123 4032 1251 4116 triginta
1272 4034 1347 4097 viros

258 4141 417 4206 institutos
442 4139 659 4216 decreverunt,
683 4138 761 4201 nihil
783 4145 925 4203 curantes
941 4136 1253 4206 Lacedaemoniorum
1269 4165 1347 4230 prae-

259 4253 389 4336 scripta,
413 4257 449 4313 ut
472 4247 629 4312 exsulibus
653 4247 765 4311 Atticis
788 4253 876 4309 tutus
900 4254 981 4310 esset
996 4247 1034 4311 ad
1051 4271 1083 4312 se
1098 4261 1239 4336 receptus
1255 4252 1343 4336 (Plut.

146 4439 148 4443 .
258 4360 329 4444 Lys.
355 4382 380 4422 c.
406 4361 446 4424 87
473 4358 530 4421 sub
553 4358 591 4433 f.,
615 4355 687 4441 Lys.
713 4353 798 4440 apud
822 4354 913 4418 Dion.
931 4355 1031 4420 Halic.
1051 4360 1069 4419 5
1086 4382 1116 4442 p.
1135 4361 1216 4440 594,
1233 4363 1269 4426 fr.
1288 4364 1343 4437 78,
