3002 5240
797 479 838 539 52

273 666 333 749 mbr
356 690 408 757 τῆς
430 679 530 751 ἀδείας
550 679 679 757 inserui,
700 677 793 761 vulgo
812 675 899 741 nulla
918 687 991 743 sunt
1010 678 1136 744 lacunae
1155 679 1284 757 indicia3
1304 701 1361 743 nec

274 802 338 858 tam
360 800 511 878 praestare
535 813 661 877 possum
683 789 757 854 haec
780 790 847 873 ipsa
868 789 976 867 verba,
994 812 1087 875 quam
1102 791 1221 878 aliquid
1236 791 1360 855 omnino

275 905 421 969 omissum
452 925 533 979 esse;
565 924 636 965 nam
666 901 803 986 quamvis
836 901 961 966 verbum
991 902 1113 967 finitum
1136 905 1305 988 (ὠφελήσει)
1328 904 1359 966 in

274 1016 471 1080 altercatione
494 1016 670 1093 omittatur,
694 1013 752 1076 boc
775 1021 877 1077 tamen
900 1012 967 1076 loco
991 1036 1028 1078 ex
1052 1015 1261 1100 superioribus
1282 1015 1362 1098 cogi-

272 1129 387 1192 tatione
410 1149 472 1191 non
496 1125 583 1190 facile
607 1123 777 1210 suppletur.
814 1123 901 1205 Quae
925 1125 963 1189 ad
986 1127 1116 1207 ἐπαρθείς
1136 1126 1361 1191 emendandum

272 1241 427 1326 proposita
451 1246 524 1301 sunt
546 1239 707 1321 (οὶτοροῦοι,
733 1235 915 1312 Westerm.;
932 1236 979 1301 ἔτι
996 1236 1099 1316 τροέτει
1116 1236 1255 1321 Scheibe)
1271 1243 1360 1302 acute

268 1352 394 1415 inventa
417 1349 469 1415 sed
495 1371 602 1432 parum
624 1346 795 1432 probabilia
817 1347 977 1425 videntur;
1001 1347 1145 1412 Reiskius
1169 1370 1290 1434 quoque
1306 1348 1361 1411 ali·

188 1520 191 1525 .
272 1462 346 1548 quid
378 1460 525 1525 excidisse
557 1459 704 1543 putabat3
737 1459 883 1522 nimirum
911 1459 1009 1539 κέρδει.
1055 1459 1115 1523 Sed
1141 1460 1242 1532 οὶδείας
1264 1460 1361 1525 ἐλτιῗι

271 1573 318 1638 vel
342 1572 440 1636 simile
463 1569 538 1656 quid
562 1571 689 1654 propius
713 1569 751 1633 ad
775 1591 881 1632 verum
904 1568 1045 1633 accedere
1068 1578 1144 1654 puto
1168 1577 1292 1656 propter
1307 1592 1361 1656 op·

270 1686 422 1770 positum:
446 1666 530 1748 οἱλῖιοὶ
552 1684 676 1761 μέτοικοι
702 1683 756 1759 μὲν
778 1679 920 1756 unifica
944 1678 1050 1745 ἕνεκα
1078 1690 1140 1756 τῆς
1168 1683 1360 1758 μετοικίας

270 1796 398 1876 ὠφέλουν
428 1797 480 1871 τὴν
510 1795 604 1860 πόλιν.
651 1792 702 1856 Ad
725 1791 950 1858 defendendum
973 1790 1086 1872 τούτῳ
1107 1792 1219 1869 ἀγαθὸν
1246 1790 1294 1875 (ἄν
1318 1795 1360 1876 τι)

269 1909 398 1986 γίγνοιτο
418 1929 500 1970 nunc
519 1905 648 1969 sufficiet
666 1927 764 1968 uuum
783 1903 886 1967 locum
906 1902 1046 1967 attulisse
1051 1951 1068 1980 „
1081 1924 1174 1987 supra
1191 1905 1221 1967 3.
1239 1905 1294 1966 ll:
1315 1900 1361 1968 οὗ·

267 2041 316 2089 τος
340 2016 363 2081 δ’
381 2017 546 2095 αἰσθόμενος
569 2055 614 2066 -
637 2016 824 2097 παρεκάλεσέ
846 2039 927 2086 τινας
950 2019 1006 2078 τῶν
1028 2014 1128 2080 τούτου
1151 2015 1218 2099 (pro
1241 2015 1359 2098 ἑαυτοῦ)

267 2129 440 2204 ἐπιτηδείων.
481 2127 574 2209 Quod
598 2129 624 2191 si
647 2126 869 2192 incredibiliter
892 2126 1004 2190 durum
1027 2126 1167 2190 videatur
1182 2125 1261 2190 coni.
1280 2127 1360 2190 eius·

267 2240 336 2304 dem
360 2239 505 2303 orationis
528 2240 545 2323 b
568 2240 609 2301 28
635 2247 666 2302 et
688 2238 782 2302 huius
806 2238 902 2322 ipsius
926 2237 1073 2301 orationis
1095 2237 1113 2321 b
1137 2239 1188 2299 11.
1228 2236 1266 2300 In
1289 2259 1359 2321 pro-

266 2352 356 2416 ximis
379 2351 498 2429 γίγνοιθ’
521 2349 550 2421 ὅς
575 2350 776 2413 substitutum
801 2373 819 2413 a
840 2373 888 2413 me
912 2356 958 2413 est
981 2371 1035 2434 pro
1059 2349 1179 2426 γίνοιντο
1202 2347 1327 2431 (Palat).

311 2463 369 2526 Per
392 2463 470 2526 hanc
494 2462 756 2546 opportunitatem
778 2462 863 2524 iuvat
886 2460 923 2523 ad
947 2459 1117 2523 Andocidis
1133 2460 1300 2543 orationem
1319 2462 1358 2523 de

267 2577 427 2657 Mpateriia
449 2596 561 2660 paucas
586 2573 733 2659 quasdam
756 2572 860 2636 afferre
884 2571 1121 2654 emendationes,
1325 2566 1329 2573 '

310 2688 326 2771 b
351 2689 401 2750 19.
447 2687 498 2750 Τοὶ
525 2689 579 2764 μὲν
609 2687 753 2763 γενόμενα
782 2682 943 2758 ἠκούσατε,
971 2678 991 2747 ὦ
1022 2683 1133 2765 ἄνδρες,
1162 2683 1212 2749 καὶ
1236 2683 1303 2761 ὑμῖν
1327 2685 1353 2748 οἱ

264 2799 407 2879 μαρτυρες
430 2798 707 2877 μεμαρτυρήκασιν·
734 2793 802 2859 tr
827 2796 852 2858 οἱ
874 2794 1028 2872 κατήγοροι
1052 2793 1220 2870 ἐτόλμησαν
1243 2795 1353 2878 εἰπεῖν,

262 2911 480 2988 ἀναμνήσθητε.
512 2910 547 2972 οὐ
578 2908 637 2987 γαρ
667 2906 716 2970 καὶ
753 2905 857 2969 δίκαιον
891 2905 1117 2980 ἀπολογεῖσθαι,
1148 2906 1354 2984 ἀναμιμνή-

262 3044 413 3092 σκοντας
443 3020 509 3090 τοὺς
532 3024 588 3084 τῶν
610 3015 777 3097 κατηγόρων
799 3016 905 3092 λόγους
933 3014 1118 3096 {terimam
1146 3014 1353 3100 Interrogatio

262 3132 334 3195 huic
356 3132 424 3195 ioco
447 3153 555 3216 parum
579 3137 649 3214 apta
673 3136 728 3193 est.
757 3127 939 3213 Legendum
961 3126 1031 3194 οὕτω
1056 3129 1116 3208 γαρ
1139 3153 1165 3192 κ.
1180 3128 1205 3195 δ.
1222 3130 1252 3192 οὶ.
1276 3131 1352 3193 ἄνα

263 3244 464 3321 μιμνήσκοντα
484 3269 512 3309 κ.
536 3269 562 3307 τ.
586 3243 608 3307 ἐ.
633 3263 727 3320 „nam
750 3242 793 3304 sic
816 3242 909 3305 etiam
931 3241 1047 3305 iustum
1071 3248 1117 3305 eat
1139 3244 1215 3324 (non
1230 3247 1352 3303 tantum

263 3354 375 3439 „utilej
407 3353 615 3417 defensionem
644 3352 825 3430 instituere,
860 3352 886 3415 ai
919 3353 952 3416 in
983 3351 1159 3416 memoriam
1189 3350 1276 3415 vobis
1305 3372 1353 3414 re·

263 3487 390 3542 „vocem
414 3471 444 3528 et
467 3464 558 3527 simul
580 3462 792 3548 redarguam.”

306 3578 323 3661 p
346 3578 398 3639 86.
445 3575 601 3639 Recitator
624 3574 689 3639 lex:
716 3572 845 3656 οὶγροὶφῳ
867 3574 896 3638 δὲ
919 3575 994 3654 νόμῳ
1016 3573 1072 3641 τοὶς
1091 3573 1191 3653 αρχοὶς
1214 3573 1257 3648 roi
1275 3580 1351 3652 χοῆ-

262 3688 327 3753 οθαι
350 3688 422 3765 μηδὲ
441 3686 503 3768 περὶ
524 3685 592 3757 ἑνός.
627 3685 706 3750 Tum
729 3684 816 3749 addit
839 3690 956 3747 orator:
981 3677 1039 3765 οἶροὶ
1061 3683 1100 3761 γέ
1123 3684 1183 3747 ἐστι
1206 3688 1289 3747 τοῦτο
1305 3680 1349 3748 ὅτι

262 3798 441 3877 τεριέλεινιτο
475 3797 531 3881 (sic
560 3796 647 3884 libri)
678 3797 741 3876 περὶ
774 3793 838 3861 ὅτου
868 3790 921 3860 οἶόν
951 3819 985 3860 τε
1008 3795 1025 3870 ἢ
1048 3797 1143 3875 ἀρχὴν
1166 3791 1307 3871 strupra,
1331 3796 1348 3869 ἢ

262 3910 340 3987 ὑμῶν
370 3906 483 3990 τραξαί
508 3932 576 3984 τινι,
599 3906 670 3972 ἀλλ’
696 3908 713 3982 ἢ
736 3906 818 3972 κατα
839 3906 905 3978 τοὺς
928 3905 1210 3985 ἀναγεγραμμένους
1234 3906 1347 3981 νόμους.

262 4017 441 4104 Legendum
460 4026 552 4103 puto:
576 4011 634 4099 οἶροὶ
655 4016 687 4094 γ’
708 4017 784 4082 εὀτιν
803 4015 822 4081 δ’
836 4041 868 4081 τι
889 4016 1181 4095 τεριελέλεινιτο,
1203 4017 1265 4096 περὶ
1283 4011 1348 4081 ὅτου

260 4126 315 4196 οἷόν
338 4129 367 4194 τ’
390 4127 426 4206 ἦν
449 4129 465 4204 ἢ
488 4131 585 4211 ἀρχὴν
607 4128 745 4209 εἷςοὶγειν,
770 4127 787 4202 ἢ
811 4129 889 4204 ὑμῶν
912 4125 1024 4208 τροῖξαί
1045 4149 1142 4204 τινα,
1166 4124 1264 4197 ἄλλως
1283 4129 1346 4202 ἢκ.

259 4265 288 4306 τ.
315 4242 347 4307 οὶ.
372 4265 396 4306 ν.
442 4239 649 4325 „Superestne
672 4238 807 4324 aliquid,
832 4239 863 4301 in
887 4261 922 4302 ea
945 4238 1012 4323 lege
1035 4240 1198 4316 omissum,
1223 4238 1346 4322 dequo

259 4350 393 4429 „referre
416 4361 519 4437 posset
533 4352 744 4437 magistratus,
756 4361 816 4417 aut
831 4349 914 4435 quod
930 4350 1092 4434 quisquam
1108 4357 1241 4415 vestrum
1257 4370 1345 4433 agere

259 4470 385 4549 „posset
392 4511 402 4540 ,
426 4462 487 4527 nisi
510 4461 678 4526 secundum
701 4460 783 4546 leges
805 4461 969 4547 rescriptas
978 4460 1011 4524 ?”
