2994 5234
722 402 785 461 226

207 625 302 687 quor,
332 601 405 686 quid
437 601 468 664 in
504 599 561 663 hac
595 599 726 663 lectione
761 600 821 664 sibi
856 601 930 665 velit
958 604 1155 687 praeteritum
1188 608 1305 682 ἧγησά-

205 718 292 795 μεία.

251 827 299 890 Ib.
329 827 421 890 καίτοι
445 825 554 896 τάντες
579 825 737 888 ἐπίστασθε
760 821 802 889 ίτι
827 825 947 904 οὐδεμία
966 827 1050 898 ε’λτίς
1070 830 1209 908 σωτηρίας
1232 831 1304 907 ὑμῖν

206 937 431 1016 δνςτυχήσασιν.
474 933 547 999 Νοιι
581 935 783 998 necessarium
816 934 958 1018 quidem,
985 936 1037 1000 scd
1062 949 1163 1002 tamen
1192 948 1301 1024 aptum

205 1048 284 1111 forat
306 1048 373 1125 ὑμῖν
398 1052 444 1111 νῦν
456 1046 481 1112 δ.
506 1044 697 1129 Explicanda
713 1045 787 1108 haec
804 1053 877 1110 sunt
894 1069 930 1110 ex
946 1049 962 1132 ᾧ
981 1050 1017 1110 ll
1033 1075 1039 1110 τ
1058 1048 1134 1120 ὅστις
1151 1052 1179 1114 ἐν
1195 1052 1302 1115 τοσαύ-

203 1186 239 1243 τη
257 1159 363 1241 ἀτορίρι
381 1163 436 1222 τῶν
457 1157 597 1238 ὑμετέρων
617 1158 821 1239 τραγμάτων,
843 1159 1008 1242 exquibus
1025 1169 1149 1245 apparet
1168 1185 1194 1224 a.
1213 1164 1298 1239 389,

203 1292 263 1354 quo
293 1269 367 1334 haec
398 1269 494 1332 oratio
527 1267 633 1331 habita
656 1276 719 1345 cst,
746 1269 823 1332 vires
847 1269 980 1333 civitatis
1004 1293 1153 1355 perquam
1176 1273 1299 1336 attritas

202 1382 307 1445 fuisse.
343 1381 428 1443 Dum
451 1379 526 1443 dicit
550 1401 616 1442 eam
633 1401 698 1443 esse
718 1379 927 1443 condicionem
947 1380 1099 1458 civitatis,
1121 1390 1156 1445 ut
1175 1383 1201 1445 si
1221 1383 1299 1466 qnid

202 1513 290 1555 secus
322 1490 483 1568 acciderit,
517 1496 619 1553 actum
650 1489 691 1553 sit
722 1490 759 1554 dc
791 1491 856 1553 eius
887 1491 1080 1576 integritate,
1106 1499 1199 1575 auget
1222 1515 1297 1555 sanc

203 1602 385 1684 periculum.
414 1601 460 1664 Of.
484 1602 576 1663 otiam
594 1602 610 1684 ᾧ
631 1599 783 1664 ίετάντα
802 1599 958 1683 τράττειν,
978 1598 1053 1672 ίτως
1074 1602 1157 1678 ὑμεῖς
1173 1605 1206 1666 ἐν
1221 1610 1298 1674 τοῖς

202 1711 421 1785 δεινοτάτοις
444 1712 612 1783 κινδύνοις
632 1711 682 1794 (cf.
698 1713 750 1794 14)
773 1713 845 1775 καθ’
865 1711 1020 1787 ἑκαστην
1038 1713 1170 1793 ἡμέριον
1186 1714 1297 1779 ἔοεσίε,

248 1823 301 1894 Δίς
329 1823 437 1887 ταύτὸν
468 1825 537 1898 ἡμῖν
567 1818 631 1886 εἴτε
662 1821 769 1907 Lysias
801 1824 833 1886 in
864 1823 912 1886 his
941 1825 957 1907 t
985 1825 1040 1886 lo:
1069 1823 1203 1900 οὐδεμίαν
1225 1825 1295 1902 ὑμῖν

201 1931 325 1997 είτονται
355 1931 459 2014 χάριν,
491 1932 575 1997 ἀλλά
605 1940 664 2004 τοῖς
694 1934 884 2011 ἀνηλωμένοις
915 1934 965 1998 καί
996 1942 1056 2005 τοῖς
1078 1937 1229 2013 χρήμασιν
1253 1930 1295 2007 οἷς

200 2047 377 2126 ὑφῄρηνται·
401 2043 474 2108 ἀοτε
497 2046 549 2117 την
572 2045 626 2121 μὲν
650 2045 756 2123 ἔχθραν
780 2045 846 2119 ὑμῖν
870 2047 967 2116 αὐτοῖς
991 2045 1210 2126 καταλείψετε,
1227 2055 1272 2120 τῆ
1279 2072 1294 2117 ς

198 2153 232 2218 δὲ
263 2156 439 2236 σωτηρίας
468 2156 615 2226 ἐκείνοις
646 2155 804 2219 είσονται
834 2155 950 2235 χάριν.
998 2153 1079 2219 Nam
1111 2156 1223 2228 ἐκείνοις
1247 2179 1293 2220 re-

198 2267 295 2330 fertur
318 2267 356 2330 ad
379 2267 434 2330 ula
456 2266 629 2342 ἀνηλωμένα
651 2266 701 2330 καί
725 2267 882 2346 χρήματα.
915 2264 1004 2329 Nihil
1020 2266 1174 2350 praecedit
1190 2266 1292 2345 aliud,

197 2398 259 2461 quo
293 2377 398 2441 referri
433 2376 538 2462 possit.

241 2488 279 2551 Iu
314 2488 374 2551 fine
405 2487 481 2550 hacc
511 2486 674 2570 leguntur:
706 2485 850 2562 ἀξιον-
873 2487 956 2567 ταρά
978 2493 1034 2551 τῶν
1053 2486 1222 2552 ἀδικούντων
1240 2488 1295 2560 την

194 2594 271 2674 δίκην
294 2599 411 2676 λαβεῖν.
451 2597 550 2683 Urget
578 2606 747 2661 extremum
779 2598 966 2682 supplicium
999 2621 1064 2662 esse
1096 2598 1293 2662 sumendum.

194 2707 318 2771 Excidit
341 2708 473 2788 ἐσχάτην
497 2715 567 2772 anto
590 2709 678 2783 δίκην.
718 2708 765 2772 Οί.
788 2710 877 2772 initio
898 2710 1058 2772 sectionis:
1080 2709 1116 2774 ἀν
1134 2711 1187 2787 μὲν
1208 2713 1293 2790 ταρά

195 2819 301 2883 τούτων
324 2822 375 2895 την
399 2819 543 2895 μεγίστην
567 2819 644 2892 δίκην
667 2819 795 2895 λάβητε.

444 3050 532 3093 XXIX.
564 3056 639 3095 ΚΑΤΑ
660 3057 861 3096 ΦΙΛΟΚΡΑΤΟΎΣ-
891 3058 1037 3096 ΕΠῘΛΟΓΟΣ.

238 3254 344 3318 Altera
378 3277 447 3339 pars
483 3255 690 3339 inscriptionis
727 3255 886 3338 (ἐπίλογος)
923 3255 1085 3318 manifesto
1118 3255 1194 3319 falsa
1225 3264 1292 3334 est;

196 3365 299 3429 statim
332 3365 413 3428 cuim
445 3364 483 3429 ab
513 3366 603 3429 initio
631 3366 761 3430 totidem
785 3365 884 3430 verbis
908 3368 1060 3429 neminem
1084 3389 1147 3429 csse
1171 3375 1294 3450 praeter

194 3497 227 3538 sc
256 3484 462 3539 accusatorem
490 3484 591 3540 orator
614 3485 745 3542 testatur
768 3475 815 3562 (ὧν
838 3479 926 3549 οὐδεὶς
949 3480 1006 3542 νον)
1029 3479 1192 3562 φαίνεται).
1228 3479 1295 3563 Ap-

193 3593 279 3669 paret
313 3586 408 3669 igitur
441 3587 560 3651 nullam
594 3589 762 3652 orationem
791 3590 885 3654 fuisse
913 3591 1147 3675 pronunciatam
1171 3596 1294 3674 praetor

193 3696 281 3760 hano.
322 3696 388 3760 Iam
405 3720 475 3760 vero
492 3699 661 3782 exspectari
684 3699 791 3776 debet,
816 3700 942 3784 utquid
960 3701 1032 3764 velit
1048 3708 1206 3764 accusator
1222 3722 1293 3785 pcr-

191 3807 296 3891 spicue
320 3815 350 3870 et
373 3808 463 3892 plens
486 3808 624 3886 dicatur,
649 3817 745 3894 utque
768 3810 1005 3889 demonstratio,
1031 3813 1169 3895 quamvis
1185 3811 1288 3874 brevis

189 3926 219 3981 et
243 3918 384 3995 astricta,
408 3926 510 3982 tamon
535 3920 575 3982 sit
598 3920 698 4003 gravis
715 3929 808 4003 atque
825 3921 957 3986 subtilis,
997 3921 1056 3984 Sed
1073 3930 1217 3986 neutrum
1235 3923 1283 3987 fit.

188 4028 235 4091 Dc
266 4029 457 4092 accusatione
488 4036 634 4115 tanquam
667 4030 704 4094 da
735 4054 766 4093 re
797 4040 871 4094 nota
902 4035 949 4115 (τη
981 4035 1157 4117 ἀπογραφῇ)
1182 4055 1286 4096 sermo

188 4148 234 4203 ost
267 4140 295 4224 (t
321 4142 350 4223 1)
358 4165 367 4217 3
400 4147 468 4203 tum
498 4142 525 4224 (ᾧ
549 4144 580 4225 3)
611 4145 787 4206 summatim
818 4144 947 4207 ucfcrtur
977 4144 1014 4208 ds
1038 4142 1284 4222 consuetudine,

188 4272 266 4333 quae
297 4250 377 4314 inter
407 4250 584 4334 Ergoolem,
609 4253 697 4316 cuius
721 4253 801 4317 bona
824 4255 981 4338 publicata
1003 4277 1057 4339 spe
1080 4255 1202 4318 fuerant
1225 4256 1286 4318 mi-

187 4384 278 4439 nora,
311 4367 342 4425 ct
364 4361 586 4442 Philocratem,
620 4386 637 4425 a
668 4385 728 4446 quo
759 4387 842 4429 nuuc
866 4365 1005 4449 Engoclis
1029 4366 1109 4429 bona
1132 4387 1185 4449 per
1208 4368 1289 4431 ἀτο-
