3002 5240
615 495 655 556 65

143 698 216 776 Sed,
239 705 275 762 ut
296 698 349 775 fit,
374 697 467 760 etiam
490 695 529 759 ad
551 694 736 781 explendum
759 694 784 757 si
808 694 881 779 quid
906 694 1010 758 deesse
1028 693 1180 757 immerito

105 809 270 888 videbatur,
303 808 454 893 quaedam
486 807 669 892 interpolata
691 813 773 871 sunt.
819 805 891 870 lure
918 805 1017 870 haesit
1040 805 1181 869 Dobreus

39 944 46 965 ⁸
105 923 134 984 in
154 923 170 1006 d
190 924 226 984 6:
253 921 499 998 ἀπαγγείλαντος
523 943 597 992 τινος
620 922 656 990 ὡς
680 918 737 996 ἐγὼ
761 918 908 998 λοιδοροῖμι
933 917 999 1001 (sic)
1022 924 1073 981 τοῦ
1098 918 1183 995 νόμον

105 1032 345 1113 ἀπαγορεύοντος,
374 1030 436 1096 ἑήν
466 1056 519 1103 τις
550 1031 664 1110 ἀρχήν
688 1031 720 1094 ἐν
742 1027 905 1110 συνεδρίῳ
927 1027 1076 1111 λοιδορῇ,
1102 1029 1183 1108 παροδ

105 1145 147 1208 τὸν
166 1144 247 1221 νόμον
268 1142 408 1224 ζημιῶσαι
424 1141 566 1219 ἠξίωσαν,
583 1142 617 1206 iu
633 1141 744 1225 quibus
760 1139 891 1204 delenda
905 1138 1047 1203 censebat
1063 1140 1124 1203 εὀὶν
1138 1176 1184 1188 -

105 1256 220 1337 λοιδορῇ,
245 1261 354 1341 utpote
378 1277 414 1318 ex
437 1256 453 1339 ξ
477 1257 495 1317 9
521 1254 581 1318 huc
598 1260 705 1318 tracta.
730 1252 905 1317 Sectioness
929 1253 1003 1316 haec
1018 1251 1181 1336 leguntur:

106 1362 143 1432 ῦτι
171 1368 224 1446 μὲν
255 1370 306 1442 οῦκ
336 1369 406 1445 ἐμοῦ
436 1367 712 1449 καταφρονήσαντες
735 1365 819 1430 οὶλλοδ
841 1371 891 1430 τοῦ
918 1363 1096 1445 πρήγματος
1119 1365 1184 1435 τοὺς

107 1480 203 1558 λόγους
226 1485 390 1559 ποιοῦνται,
411 1483 515 1559 σαφῶς
532 1476 706 1555 ἐπίσταμαι.
753 1475 866 1540 Parum
887 1475 1013 1540 decebat
1029 1498 1116 1552 eum,
1133 1475 1187 1558 qui

104 1589 309 1655 demonstrare
339 1589 448 1667 vellet,
480 1589 613 1673 privatas
644 1587 819 1652 inimicitias
843 1609 964 1651 causam
986 1587 1080 1651 fuisse
1103 1609 1188 1650 accu-

109 1702 226 1765 sationis
264 1701 293 1785 (d
323 1702 390 1785 10),
422 1699 537 1778 dicere,
568 1721 748 1784 persuasum
778 1697 837 1762 sibi
867 1720 946 1776 esse,
977 1721 1040 1762 non
1063 1698 1134 1762 odio
1157 1721 1188 1762 se

110 1813 224 1891 haberi3
250 1820 283 1876 ct
304 1820 407 1876 tamen
430 1810 559 1875 totidem
581 1809 681 1875 verbis
703 1810 761 1874 hoc
776 1809 829 1874 ille
845 1817 991 1889 testatur,
1008 1833 1070 1875 non
1086 1810 1189 1875 dicens

110 1923 146 1989 ὅτι
170 1925 224 2003 μὲν
255 1925 287 1988 οῦ
310 1928 479 1988 τοσοῦτον
504 1924 574 2001 ἐμοῦ
594 1921 869 2003 καταφρονήσαντες
892 1917 954 1986 ῦτον
976 1927 1027 1986 τοῦ
1050 1919 1191 2002 πρήγμα-

109 2058 172 2111 τος,
195 2035 250 2100 sed
275 2033 442 2119 praefracte
464 2035 514 2097 οῦκ
537 2034 607 2108 ἐμοῦ
619 2032 904 2113 καταφρονήσαντες.
940 2030 972 2094 Si
988 2031 1135 2096 vellicaris
1152 2034 1189 2097 ab

109 2145 205 2229 aliquo
230 2152 263 2209 ct
288 2152 390 2210 tamen
413 2144 497 2208 dicas
521 2144 672 2238 confidere
695 2152 743 2221 te,
768 2166 830 2207 non
852 2143 993 2207 laedendi
1017 2145 1118 2207 animo
1134 2146 1190 2208 cri·

112 2257 187 2348 mina
209 2256 249 2320 ab
275 2255 446 2320 adversario
469 2254 612 2341 proferri,
638 2255 774 2318 animum
797 2253 932 2318 ostendis
955 2254 994 2318 ad
1016 2257 1191 2320 reconcilia·

111 2367 217 2432 tionem
249 2388 400 2452 pronum,
432 2366 515 2450 quod
543 2365 580 2430 ab
604 2366 748 2430 orationis
777 2366 903 2431 consilio
927 2367 1017 2452 plane
1040 2368 1190 2432 abhorret.

116 2477 275 2564 Exspectcs
298 2478 402 2563 potius
424 2477 487 2541 tale
509 2476 602 2561 quid:
627 2477 669 2542 ὅτι
691 2477 746 2552 μὲν
763 2472 808 2541 οῦν
827 2479 897 2554 ἐμοῦ
915 2481 1191 2559 καταφρονήσαντες

115 2591 157 2660 καὶ
187 2596 239 2656 τοῦ
273 2587 450 2670 πρήγματος
481 2589 768 2668 κατολιγωρήσαντες
798 2590 864 2662 τοὺς
894 2589 999 2671 λόγους
1030 2597 1192 2666 ποιοῦνται,

114 2726 138 2766 ο.
159 2703 181 2766 ε’.
229 2700 326 2781 Quod
357 2724 374 2763 a
405 2699 536 2765 lectione
565 2708 686 2785 recepta
707 2684 844 2765 multum
863 2700 986 2764 recedit.
1033 2701 1133 2766 Incidi
1160 2703 1193 2766 in

113 2834 173 2876 eam
202 2813 399 2898 opinionem,
431 2819 467 2875 ut
495 2812 586 2876 verba
615 2812 779 2876 transitum
809 2812 1004 2877 constituisse
1028 2820 1134 2897 putem
1156 2813 1194 2885 ad

113 2926 286 3010 sequentia,
318 2931 507 3010 quaesunt:
532 2927 556 2988 σι’
579 2923 675 3002 μέντοι
704 2923 908 3000 ὑμαῖς-οἴονται
931 2963 974 2972 --
996 2931 1197 3005 καταφνφιεῖ-
1277 2945 1279 2949 ’

114 3037 180 3100 odat
203 3061 261 3115 μου
291 3038 341 3100 οῦκ
371 3033 407 3099 ἂν
435 3035 638 3112 θανμιέσαιμις
672 3037 736 3100 Οῦκ
767 3034 847 3099 enim
880 3036 962 3118 (ante
985 3037 1065 3120 ἐμοῦ)
1089 3043 1196 3100 natum

115 3169 148 3211 ex
175 3146 239 3227 οῦν,
274 3170 335 3231 qua
364 3147 444 3211 facta
470 3147 639 3211 mutatione
664 3146 742 3210 alius
765 3146 907 3210 librarius
931 3145 1091 3232 adscripsit
1113 3150 1197 3214 arna

114 3240 161 3324 τοῦ
190 3258 382 3338 πρήγματος.
429 3256 532 3338 Quare
562 3258 605 3322 sic
636 3258 708 3323 olim
740 3259 889 3344 scriptum
918 3258 1011 3321 fuisse
1041 3260 1197 3323 existimo:

20 3456 21 3459 Ἴ
117 3368 155 3435 ῦτι
178 3372 231 3450 μὲν
254 3366 303 3436 οῦν
325 3374 409 3448 ἐμοῦ
432 3372 707 3452 καταφρονήσαντες
725 3372 792 3442 τοὺς
810 3372 915 3447 λόγους
933 3377 1079 3436 ποιοῦνται
1094 3377 1200 3450 σαφῶς

19 3480 21 3491 ⁴
118 3481 296 3560 ἐπίσταμαι·
325 3483 349 3547 εἰ
380 3482 476 3561 μέντοι
509 3482 600 3560 apae
628 3481 730 3548 οἴονται
762 3481 795 3546 δι’
815 3485 942 3558 εὐήθειαν
969 3482 1120 3566 (Debreus
1144 3504 1200 3566 pro

120 3590 231 3678 εὔνοιαν)
257 3592 313 3656 ῦπδ
339 3598 395 3658 τῶν
423 3591 564 3669 διαβολῶν
587 3593 755 3664 πεισθέντας
778 3595 1035 3675 καταψηφιεῖσθαί
1056 3617 1128 3670 μου,
1151 3596 1201 3658 οῦκ

121 3698 154 3764 διν
174 3702 380 3782 devitaturum

160 3812 275 3878 insunt
295 3821 449 3899 praeterea
471 3836 550 3898 quae
562 3837 669 3899 parum
687 3815 790 3878 Attica
806 3822 837 3879 et
852 3815 1014 3880 insolentia
1030 3814 1200 3879 rideantur.

121 3919 212 3997 Ἐντόι
234 3927 253 4010 d
278 3927 316 3987 10
341 3946 396 4010 pro
419 3924 494 3991 ἔνδον
516 3926 652 4010 positum
669 3927 792 3990 notavit
817 3927 877 3990 iam
901 3926 1050 3991 Dobreus.
1086 3925 1202 3991 Eodem

121 4028 183 4098 loco
205 4036 275 4100 ἄνευ
298 4037 416 4115 τούτου,
441 4044 475 4100 ut
500 4037 592 4121 vulgo
616 4037 858 4122 interpretantur
880 4039 1024 4124 suppleto
1047 4045 1097 4104 τοῦ
1121 4038 1204 4116 νόμον

121 4165 171 4227 pro
201 4146 283 4225 παροδ
301 4145 349 4210 τὸν
379 4148 478 4225 νόριον,
511 4169 572 4230 quo
606 4149 744 4233 exemplo
767 4148 927 4213 defendam
951 4151 1070 4228 nescio;
1095 4149 1205 4213 melius

90 4282 93 4288 ¹
123 4275 188 4319 sane
211 4257 362 4343 Augerius
385 4234 605 4343 interpretatur*
627 4255 696 4323 ι’ένεν
721 4264 772 4323 τοῦ
795 4259 954 4335 ήδικνιιέναι
979 4261 1062 4337 τινα,
1089 4260 1137 4323 vel
1164 4260 1207 4322 sic

123 4371 217 4465 tamen
241 4368 299 4462 hoc
323 4368 456 4433 insolens
481 4376 536 4432 est.
574 4370 731 4442 Δικαίασις
753 4392 808 4454 pro
824 4371 987 4449 δικαίωμα,
1005 4377 1207 4456 ονρανιοαίιιοι

126 4474 179 4540 iam
209 4480 423 4545 animadvertit
451 4479 653 4565 Harpocratio
682 4482 702 4545 i.
728 4485 774 4559 v.;
799 4481 881 4547 idom
904 4482 1028 4554 affertur
1051 4506 1067 4546 e
1090 4481 1207 4546 Zonara

1091 4602 1106 4654 5
