2958 5238
590 469 651 532 161

149 668 214 749 dt.
262 666 390 737 εἰπόντος
422 666 452 729 δὲ
481 666 582 730 τούτου
614 664 657 729 ότι
691 664 861 735 [lucrante
885 661 945 737 sin,
970 663 1075 741 ἠρόμην
1094 664 1193 728 ὁπόθεν

108 775 297 850 δημοτεύοιτο,
330 776 558 854 τοιροιινόσκντός
587 798 661 845 τινος
691 780 747 838 τῶν
771 774 918 852 τκρόντυν
942 773 1192 853 τροςκκιέσοοοόκι

108 884 152 946 κού
174 885 241 965 τρδς
264 887 315 959 τδην
337 887 455 967 φυλήν,
479 880 585 958 ἧςτινος
608 879 680 948 εἶνοοι
704 885 873 958 σκήπτοιτο.
921 882 1080 947 Postrema
1102 881 1194 946 verba

107 1017 215 1073 τυροοιν.
239 1032 284 1043 -
306 1018 415 1066 οκηττ.
447 994 501 1057 illo
533 994 601 1057 loco
633 993 781 1078 languida
809 1001 899 1070 suut,
924 1000 954 1056 et
978 1000 1048 1076 post
1071 992 1191 1056 brevem

107 1102 183 1167 illam
207 1105 392 1167 sententiam
415 1104 531 1187 (’ρόμην
554 1105 602 1169 ότι.
627 1103 709 1187 δημ.)
733 1103 824 1167 nimis
851 1101 1010 1188 producta.
1047 1100 1113 1164 Neo
1130 1123 1192 1185 quo

27 1244 29 1251 ·
107 1211 223 1279 noculo
255 1212 328 1277 haec
359 1235 427 1278 cum
462 1212 669 1298 superioribus
702 1213 871 1296 iungantur
891 1212 1099 1276 manifestum
1128 1220 1190 1289 est;

107 1322 219 1387 etiamsi
257 1322 297 1386 ad
337 1323 472 1387 demotos
503 1330 626 1387 tantum
658 1330 712 1386 aut
743 1322 827 1385 aliud
862 1321 992 1407 quodvis
1024 1321 1191 1397 iudicium,

107 1454 163 1495 non
194 1433 289 1496 simul
319 1433 358 1496 ad
390 1434 506 1497 tribum
537 1456 601 1497 rem
632 1434 791 1497 delaturus
825 1441 922 1509 esset,
955 1440 1057 1496 tamon
1081 1454 1193 1495 nomen

107 1540 182 1605 demi
205 1545 298 1606 sciret
319 1565 444 1607 neccsse
468 1551 552 1621 erat;
576 1544 674 1608 nihilo
699 1546 801 1609 minus
826 1544 917 1621 dicit,
942 1567 973 1607 se
998 1542 1081 1627 quod
1106 1547 1194 1606 etiam

107 1651 229 1715 tribules
256 1654 316 1735 (κού
340 1653 408 1733 τρδς
432 1656 484 1728 την
506 1655 616 1737 φυλήν)
642 1654 782 1717 aditurus
807 1662 905 1729 esset,
930 1654 1052 1717 demum
1078 1651 1195 1735 quaesi-

109 1760 189 1823 visse.
239 1760 350 1844 Neque
381 1771 483 1826 tameu
514 1763 589 1826 haec
613 1763 668 1846 (sic
691 1764 805 1847 scripta
828 1764 1018 1841 δημοτεύοιτο.
1065 1773 1140 1839 [Ικρ.
1165 1761 1194 1824 δέ

108 1893 246 1940 τινος-
269 1879 335 1933 tum
360 1871 457 1944 ἐπειδὴ
479 1872 580 1951 ύτεκρ.
605 1872 718 1934 omisso
742 1872 782 1954 δέ)
807 1893 877 1934 oum
901 1871 1101 1954 sequentibus
1123 1880 1194 1956 apte

109 1979 331 2056 cohaerebunt,
363 1988 399 2043 ut
431 1981 544 2059 cuivis,
578 1981 669 2044 etiam
702 1981 832 2044 strictim
855 1981 1080 2058 consideranti,
1106 2003 1195 2066 appa·

108 2088 191 2153 rabit.
240 2088 320 2152 Sunt
344 2095 447 2153 autem
470 2090 563 2153 haec:

147 2198 245 2271 ἕτειδδη
278 2198 302 2261 δ’
324 2199 497 2278 ύτεκρίνοοτο
521 2197 564 2264 ότι
587 2200 788 2276 Δεκελειόθεν,
814 2201 1083 2277 τροςκκλευύμενος
1107 2201 1195 2266 κύτόν

18 2376 19 2381 ,
106 2306 151 2368 κού
175 2308 246 2387 πρός
270 2308 335 2378 τοὺς
359 2318 396 2389 τῇ
420 2309 611 2372 Ἱττοόοιντιδι
636 2308 822 2389 δικύζοντοις,
847 2310 932 2373 ε’λόιδν
957 2309 1004 2372 εἰιδ
1026 2312 1059 2373 τὸ
1077 2317 1196 2388 κουρεῖον

18 2476 19 2491 ,
106 2414 137 2478 τό
158 2418 242 2498 ιιοοροδ
266 2418 331 2490 τοὺς
355 2419 483 2498 Ἑρμᾶς,
505 2416 538 2482 ἵν’
557 2419 581 2481 οἱ
600 2425 738 2489 Δεκελεῑς
761 2425 981 2500 τροςφοιτῶσιν,
1003 2419 1128 2498 ἠρώτων,
1150 2417 1197 2491 ούς

17 2556 18 2607 3
105 2524 131 2586 τ’
153 2524 342 2607 ἐξευρίσκοιμι
367 2527 516 2592 Δεκελέων
540 2526 737 2603 ε’τυνόοινόμην
760 2525 788 2591 εἴ
808 2551 875 2592 τινοο
897 2527 1082 2603 γιγνώσκοιεν
1106 2539 1197 2594 Δεκε-

27 2628 30 2633 ’
107 2635 207 2699 λειόόεν
230 2635 454 2711 δημοτευόμενον
479 2637 675 2712 Ποινκλέυνοο.
723 2636 762 2699 In
786 2659 849 2721 qua
867 2639 1019 2700 sententia
1034 2638 1198 2722 repetitum

16 2718 18 2761 ³
108 2743 165 2806 fere
191 2743 279 2807 vides
306 2742 384 2806 illud
421 2743 460 2807 de
483 2744 666 2822 tribulibus,
695 2762 827 2830 quorum
855 2747 1004 2811 iudicium
1033 2748 1083 2811 vix
1112 2747 1197 2811 aliud

110 2874 171 2915 esse
201 2853 307 2937 potuit
338 2875 430 2935 quam
462 2853 682 2932 diaetetarum;
706 2856 849 2921 tributim
873 2858 1010 2920 enimin
1034 2857 1122 2921 nullo
1145 2860 1198 2921 tri-

16 3028 17 3039 ,
109 2964 212 3028 bunali
238 2986 329 3047 quam
354 2963 537 3028 arbitrorum
563 2967 612 3029 ius
641 2964 758 3029 dictum
787 2989 851 3030 csse
872 2969 1022 3030 novimus.
1059 2966 1105 3030 Of.
1123 2966 1199 3031 Her-

16 3090 17 3103 *
110 3095 208 3139 mann.
241 3074 371 3157 Antiqu.
401 3076 418 3158 b
447 3075 520 3137 145.
554 3077 605 3136 16.
642 3075 803 3138 Arbitrum
826 3076 922 3159 igitur
946 3075 1111 3139 adacturns
1135 3083 1200 3138 crat

16 3240 18 3267 ,
109 3182 145 3246 de
177 3183 284 3247 eadem
316 3183 369 3247 illa
400 3206 507 3262 causa,
534 3206 625 3268 quam
649 3192 737 3247 antea
761 3184 800 3247 ad
823 3185 1058 3249 Polcmarchum
1082 3185 1200 3248 deferre

110 3295 321 3357 constituerat.
368 3291 448 3356 Nam
472 3300 509 3357 ut
532 3293 667 3378 primum
687 3303 793 3377 postea
813 3296 970 3378 cognoscit
986 3294 1061 3357 alios
1078 3315 1200 3377 quoque

109 3423 170 3465 rem
203 3424 276 3465 cnm
310 3400 482 3466 Pancleone
517 3401 663 3466 habuisse
697 3403 729 3466 in
753 3403 819 3465 foro
843 3402 1052 3480 Polemarohi,
1084 3403 1200 3465 omittit

110 3511 271 3576 consilium
297 3510 481 3574 instituendi
501 3511 652 3574 actionem
673 3511 756 3595 apud
775 3512 905 3575 tribules
926 3514 953 3596 (b
990 3516 1010 3597 ).
1051 3512 1092 3575 Et
1112 3534 1202 3595 quae-

111 3623 238 3686 stionem
271 3621 309 3685 de
340 3621 522 3685 Pauoleouis
555 3623 695 3695 civitate,
729 3622 791 3687 sive
814 3625 934 3704 γροιφην
956 3621 1052 3698 ξενίκς
1075 3646 1138 3687 non
1161 3624 1200 3688 ad

110 3731 236 3796 tribules
268 3731 385 3795 deferre
417 3732 537 3815 potnit;
570 3730 624 3793 illa
652 3731 733 3794 enim
757 3731 931 3814 pertinebat
954 3731 994 3795 ad
1016 3733 1201 3796 iurisdietio-

111 3861 177 3903 nem
201 3841 489 3918 thesmothetarum.
526 3840 573 3904 Of.
595 3839 701 3904 Meier.
725 3840 762 3904 da
782 3841 871 3905 bonis
891 3842 992 3906 damn.
1014 3866 1043 3927 p.
1063 3848 1115 3920 94,
1134 3867 1200 3928 sqq.

112 3949 174 4013 Att.
206 3950 294 4015 Proc.
327 3973 357 4035 p.
390 3952 471 4027 848,
504 3972 570 4034 sqq.
619 3950 689 4014 Duo
723 3973 759 4016 ex
791 3951 838 4014 his
871 3959 1037 4036 apparent,
1069 3954 1201 4038 primum

112 4060 380 4137 praeuarecatione
402 4081 465 4123 non
489 4082 556 4123 esse
580 4068 703 4143 aptum,
729 4060 782 4123 sed
806 4061 920 4143 requiri
943 4061 1084 4126 futurum
1107 4087 1204 4144 τρος·

111 4171 339 4246 κοινούμενος
371 4168 438 4252 (pro
467 4189 529 4250 quo
557 4167 676 4232 librarii
700 4169 857 4253 scripsisse
881 4171 1023 4235 videntur
1045 4188 1202 4251 τροςκκλε-

113 4276 244 4353 ρόμενος,
275 4275 358 4340 unde
383 4275 560 4360 depravatio
584 4280 667 4360 nata)
674 4304 683 4355 ρ
710 4285 864 4362 antequam
888 4280 1038 4344 actionem
1055 4289 1201 4365 tanquam

114 4385 143 4447 in
174 4372 269 4451 divom
302 4385 385 4470 apud
417 4386 533 4450 tribum
563 4388 757 4467 institueret,
782 4396 864 4455 certo
889 4392 964 4454 scire
986 4391 1101 4468 voluit,
1126 4415 1201 4457 num

1044 4505 1082 4562 11
