2958 5238
806 455 868 516 132

336 658 421 736 ἀρνός
444 652 493 717 καί
514 655 592 730 ημῶν
611 653 738 735 ἀκούειν,
757 651 807 717 ύσ·

337 790 389 844 περ
408 769 463 829 τῶν
482 762 648 844 κατηγόρων
664 764 744 847 (fort.
758 764 807 827 καί

897 679 930 718 τε
949 653 1033 736 όρίδια
1052 651 1221 734 χαρίζεσθαι
1242 652 1291 716 καί
1310 651 1367 730 ε’ριόι

897 762 968 836 ἀξια
1014 770 1122 828 πολλοῦ
1171 771 1275 843 τυχεῖν
1306 761 1371 840 παρ’

338 876 437 954 ὁμοίως
454 880 532 951 ἡμῶν
551 875 588 939 cf.
607 875 812 959 Dem.18.l).
861 877 889 937 6.
905 876 981 953 ὑμῶν
992 914 1052 938 -.
1069 877 1209 953 αἰτοῦμαι
1221 872 1266 939 οὖν
1279 875 1372 951 ὑμαῖς,

295 1435 325 1496 3.
337 1431 454 1509 ἀνάγκη
483 1431 541 1512 γάρ
570 1430 617 1495 τόν
647 1429 808 1506 ἀπολογού-

339 1568 434 1626 μενον,
455 1541 509 1608 κάν
526 1541 559 1617 ἐξ
576 1540 636 1606 ίσου
655 1541 808 1623 ἀκροᾶσθε,

339 1656 461 1721 ἔλαττον
481 1654 577 1734 ἔχειν.
597 1654 620 1716 οί
636 1652 689 1729 μὲν
705 1651 764 1730 γάρ
776 1654 809 1717 ἐκ

340 1771 449 1830 πολλοῦ
482 1764 583 1844 χρόνου
617 1762 813 1840 ἐπιβουλεύων

340 1901 406 1953 τες,
431 1875 512 1940 αὐτοὶ
535 1873 603 1939 ἀνευ
622 1874 751 1939 κινδύνων
774 1874 813 1938 ό-

340 2012 405 2063 τες,
437 1989 487 2062 την
517 1986 693 2066 κατηγορίαν
723 1987 815 2061 ε’ποιθ-

341 2124 447 2174 σαντο,
470 2102 553 2175 ἡμεῖς
574 2097 598 2160 δ’
615 2095 813 2176 ἀγωνιζόμεθα

341 2211 421 2289 μετά
444 2210 520 2283 δέους
541 2209 588 2274 καί
609 2208 745 2285 διαβολῆς
765 2208 814 2272 καί

349 2321 472 2386 κινδύνου
498 2319 579 2404 (add.
608 2325 658 2383 τοῦ
671 2318 696 2402 P)
731 2319 816 2395 μεγί-

342 2457 426 2498 στου.
449 2433 520 2502 εἰκός
539 2427 585 2495 οὖν
605 2432 683 2506 ὑμάς
707 2430 813 2494 εύνοισιν

342 2547 432 2610 πλείω
460 2544 539 2624 ἔχειν
568 2549 626 2614 τοῖς
656 2544 816 2617 ἀπολογου-

299 2661 329 2720 4.
343 2656 451 2733 μένοις.
490 2651 568 2732 οἶμαι
604 2655 663 2732 γάρ
698 2653 813 2724 πάντας

344 2764 422 2845 ύμάς
449 2767 549 2831 εἰδέναι
573 2764 615 2829 ότι
639 2764 740 2828 πολλοί
765 2765 814 2840 ἤδη

344 2878 443 2942 πολλά
476 2877 525 2941 καί
553 2876 629 2940 δεινά
659 2876 818 2954 κατηγορη-

343 3014 448 3061 σαντες
483 2997 670 3068 παραχρῆμα
700 2985 820 3063 ἕὲθθὲθ·

341 3102 455 3181 χθησαν
478 3099 643 3179 ψευδόμενοι
663 3095 734 3162 ούτω
755 3104 815 3179 Φα-

342 3218 422 3292 νερῶς
431 3261 440 3293 ,
460 3209 523 3275 θέσθ’
544 3211 612 3291 ὑπὲρ
629 3208 745 3275 πάντων
760 3214 815 3273 τῶν

342 3322 555 3403 πεπραγμένων
589 3320 753 3398 μισηθέντες
785 3323 818 3383 ἀ-

341 3437 472 3500 πελθεῖν·
491 3434 515 3498 σί
533 3434 557 3496 δ’
568 3429 607 3498 οιύ
617 3433 816 3512 μαρτυρήσαν-

341 3572 390 3617 τες
429 3544 470 3610 τόν
503 3544 595 3624 ψευδῆ
628 3546 677 3608 καί
710 3543 813 3614 ἀδίκως

342 3658 541 3727 ἀπολέσαντες
558 3654 714 3736 ἀνθρώπους
726 3653 816 3719 έοίλω-

343 3794 398 3833 σαν
407 3818 416 3850 ,
440 3767 509 3843 ἡνίκ’
525 3765 600 3830 οὐδέν
616 3760 647 3840 ἦν
659 3765 746 3830 πλέον
757 3772 817 3836 τοῖς

343 3878 523 3944 πεπονθόσιν.
552 3873 595 3940 ὅτ’
625 3872 671 3941 οὖν
693 3881 817 3940 τοιαῦτα

343 3990 443 4057 πολλόν
463 3987 639 4067 γεγένηται,
658 3989 694 4058 ὡς
711 3988 768 4062 ε’γόι
785 3989 818 4051 ἀ-

343 4101 432 4177 κούω,
450 4098 522 4172 είκός
540 4099 618 4176 ύμάς
635 4092 765 4177 ἀόινδρες
782 4097 819 4161 δι-

343 4212 455 4279 κασταί
463 4263 471 4295 ,
485 4212 573 4290 μήπω
585 4209 650 4280 τοὺς
662 4215 717 4274 τῶν
729 4232 817 4282 κατη-

344 4320 817 4407 γόρωνλόγουςἧγεῑσθαιπιστούς,

344 4442 408 4523 πρὶν
427 4437 463 4504 ἀν
483 4434 532 4501 καί
553 4437 636 4513 ἡμεῖς
655 4431 790 4511 εἴπωμεν.

901 983 922 1050 ὦ
945 984 1061 1067 ἀνδρες,
1088 987 1196 1051 εύνοιοιν
1214 987 1305 1051 πλείω
1322 1007 1374 1049 πα-
1459 982 1460 995 ’

901 1095 1066 1178 ροισχέσθαι
1079 1100 1141 1177 ε’μοί
1155 1099 1209 1183 [τῷ
1220 1100 1376 1172 ἀπόλογον·
1459 1140 1460 1181 5

903 1209 991 1293 μένῳ]
1018 1209 1034 1283 ἢ
1058 1216 1117 1281 τοῖς
1135 1209 1325 1292 κατηγόροις,
1343 1209 1375 1272 εί·

902 1318 989 1390 δότας
1001 1317 1043 1384 ότι
1051 1319 1107 1384 κάν
1120 1319 1153 1396 ἐξ
1161 1322 1220 1385 ίσου
1228 1320 1373 1400 ἀκροάσθε,

898 1430 1013 1508 ἀνάγκη
1056 1433 1104 1496 τόν
1142 1432 1371 1510 ἀπολογούμενον

899 1541 1021 1606 ἔλαττον
1041 1544 1137 1623 ἔχειν.
1157 1545 1181 1607 οἱ
1200 1545 1253 1621 μὲν
1273 1544 1331 1623 γάρ
1343 1543 1371 1604 ἐκ

898 1659 1008 1719 πολλοῦ
1028 1656 1129 1735 χρόνον
1154 1655 1372 1732 ἐπιβουλεύσειν·

903 1790 950 1835 τες
968 1765 1016 1828 καί
1036 1764 1197 1844 συνθέντες,
1215 1769 1297 1832 αὐτοὶ
1310 1765 1371 1830 ἀνευ

901 1876 1030 1967 κινδύνων
1040 1876 1118 1950 όντες
1122 1927 1133 1956 ,
1143 1879 1194 1953 την
1203 1878 1373 1959 κατηγορίαν

904 1988 1072 2061 ἐποιήσαντο
1083 2007 1090 2021 ·
1104 1988 1160 2065 ε’γιδ
1173 1989 1203 2052 δὲ
1214 1990 1296 2066 μετά
1304 1988 1374 2057 δέους

903 2098 951 2161 καί
973 2080 1095 2163 κινδύνου
1113 2098 1162 2163 καί
1174 2099 1315 2173 διαβολῆς
1327 2106 1374 2171 τῆς

904 2211 1049 2286 μεγίστης
1070 2212 1120 2285 τὴν
1138 2212 1304 2287 ἀπολογίαν
1322 2232 1376 2272 ποι-

905 2325 1010 2397 οῦμαι.
1035 2320 1108 2392 είκδς
1126 2318 1172 2385 οὖν
1200 2322 1279 2398 ύμάς
1304 2321 1375 2384 ε’στιν
1461 2372 1462 2407 ³

903 2430 1011 2494 εὔνοιαν
1045 2432 1135 2496 πλείω
1170 2431 1372 2512 παρασχέσθαι

905 2542 965 2618 έμοί
996 2543 1011 2616 ἢ
1043 2550 1102 2615 τοῖς
1124 2542 1311 2623 κατηγόροις.
1335 2542 1373 2606 ἔτι

861 2655 890 2717 7.
903 2652 932 2716 δὲ
958 2654 1008 2716 καί
1035 2655 1099 2719 τοδε
1125 2652 1310 2731 ἐνθυμητέον,
1335 2650 1373 2717 ότι

906 2765 1005 2830 πολλοί
1030 2767 1080 2840 ἤδη
1104 2766 1203 2831 πολλόν
1229 2765 1278 2830 καί
1303 2763 1374 2828 δεινίι

906 2877 1157 2956 κατηγορήσαντες
1193 2886 1374 2958 παραχρῆμα

909 2987 1132 3068 ἐξηλέγχθησαν
1155 2990 1321 3069 ψευδόμενοι
1338 2983 1373 3081 σύ

904 3124 943 3162 τω
962 3105 1109 3183 φανερῶς,
1129 3099 1192 3165 ὥσθ’
1211 3102 1287 3180 ὑμᾶς
1306 3097 1373 3163 πολὺ

905 3208 943 3273 ἀν
952 3207 1023 3283 ἥδιον
1035 3212 1112 3285 δίκην
1122 3212 1228 3288 λαβεῖν
1237 3212 1316 3290 παρά
1324 3213 1373 3272 τῶν

908 3322 1075 3402 κατηγόρων
1093 3322 1109 3398 ἢ
1127 3323 1209 3404 παρά
1223 3329 1278 3387 τῶν
1291 3345 1373 3392 uam·

905 3433 1101 3513 γορουμένων·
1119 3435 1143 3498 οἱ
1155 3434 1180 3497 δ’
1193 3431 1231 3499 αύ
1239 3431 1373 3513 μαρτυρό-

903 3568 1008 3616 σαντες
1021 3546 1062 3610 τά
1071 3546 1163 3626 ψευδῆ
1171 3546 1274 3616 ἀδίκως
1281 3542 1372 3620 ἀνθρόι

905 3678 975 3727 πους
1006 3652 1224 3732 ἀπολέσαντες,
1248 3655 1371 3720 ἒάλωσαν

907 3764 976 3846 παρ’
1011 3767 1078 3843 ὑμῖν
1114 3765 1370 3846 ψευδομαρτυριῶν,

907 3874 977 3950 ἡνίκ’
1000 3875 1082 3940 οὐδὲν
1106 3873 1137 3951 ἦν
1156 3875 1198 3941 ἔτι
1218 3876 1301 3940 πλέον
1319 3876 1372 3939 τοῖς

907 3986 1084 4054 πεπονθόσιν.
1119 3985 1224 4053 “Οπότ’
1256 3980 1300 4050 σύν
1325 3981 1369 4057 ἤδη

907 4100 1007 4162 πολλά
1047 4104 1170 4163 τοιαῦτα
1204 4098 1368 4174 mmm,

905 4210 976 4281 είκδς
1009 4212 1086 4288 ὑμάς
1117 4214 1177 4275 ε’στι
1204 4212 1289 4286 μηπω
1309 4203 1368 4273 τοὺς

907 4330 962 4386 τῶν
998 4323 1163 4404 κατηγόρων
1200 4322 1299 4398 λόγους
1327 4338 1367 4377 πθ·

903 4434 987 4506 στοὺς
1010 4436 1152 4511 ἡγεῖσθαι.
