3002 5240
849 490 869 549 4

323 697 451 760 ritorum
480 694 633 773 iudicum,
666 695 720 781 qni
749 695 782 758 11
812 694 878 757 iure
909 692 1043 757 dicundo
1073 700 1202 759 aetatem
1223 700 1346 772 terunt,
1375 699 1409 756 et

324 807 379 870 ubi
409 808 542 870 accusati
564 829 650 870 suam
671 806 732 892 ipsi
755 827 875 869 causam
900 804 1024 883 dicunt,
1049 806 1159 891 quibus
1182 807 1209 869 si
1231 806 1407 889 contingit,

326 927 359 980 ut
388 942 418 983 ae
448 918 594 1003 probent,
619 918 709 983 simul
732 941 848 982 coccam
870 917 1091 1001 probaverunt,
1116 917 1228 983 talibus
1250 919 1347 1002 igitur
1373 917 1408 980 in

322 1028 495 1092 civitatibus
525 1029 602 1093 nihil
637 1028 727 1093 debet
760 1029 873 1091 oratori
908 1029 1064 1113 antiquius
1099 1028 1211 1107 videri,
1243 1052 1333 1114 quam
1369 1038 1408 1092 ut
1489 1021 1490 1024 ¹

323 1140 462 1203 conciliet
490 1140 603 1204 dicenti
631 1140 767 1227 iudicum
798 1141 931 1217 animos,
963 1163 1123 1225 moresque
1153 1141 1181 1204 ei
1209 1141 1365 1205 adscribat
1391 1163 1411 1203 a
1488 1144 1489 1147 ’

322 1251 427 1316 fraude
454 1258 484 1315 et
507 1251 577 1316 dolo
601 1251 724 1315 alienos.

366 1362 454 1427 Vidit
484 1364 541 1427 hoc
572 1383 651 1426 unus
680 1364 713 1426 in
744 1363 847 1447 paucis
877 1361 993 1447 Lysias.
1039 1362 1081 1425 Et
1110 1369 1146 1426 ut
1176 1361 1411 1427 commendaret
1488 1362 1489 1387 ³

323 1474 474 1552 dicentes,
506 1474 613 1538 subtili
642 1473 805 1538 admodum
828 1481 859 1538 ct
882 1481 970 1538 acuto
992 1475 1116 1538 invento
1140 1482 1321 1539 consecutus
1346 1459 1409 1538 esti
1488 1522 1489 1533 ,

323 1584 473 1649 Ornatum
505 1585 661 1649 verborum
693 1592 723 1649 et
745 1608 887 1672 pompam
910 1586 1146 1663 sententiarum,
1171 1608 1259 1670 quae¹
1272 1585 1411 1650 adversis

323 1696 474 1761 frontibus
506 1696 628 1760 candori
660 1703 690 1761 et
721 1698 885 1761 sinceritati
917 1699 1057 1782 opposita
1086 1704 1175 1775 sunt,
1198 1719 1261 1760 non
1283 1703 1412 1759 tantum

301 1807 429 1871 scdulo
454 1808 576 1885 vitavit,
601 1807 653 1871 sed
677 1830 771 1892 quum
794 1809 976 1893 perspiceret
998 1807 1089 1872 verba
1112 1829 1189 1891 quae
1211 1829 1290 1871 unus
1314 1830 1329 1870 e
1353 1829 1412 1892 po-

324 1918 397 2003 pulo
432 1918 563 2003 prolerre
596 1927 715 2004 posset,
750 1919 868 1983 facilem
897 1920 1033 1983 invenire
1064 1941 1236 1995 assensum,
1261 1902 1412 2001 quoniam

324 2029 425 2092 studio
457 2036 487 2093 et
516 2028 724 2107 meditationi,
756 2030 820 2094 sine
851 2030 960 2116 quibus
989 2031 1071 2095 11111
1094 2030 1179 2095 nulla
1201 2051 1266 2093 esse
1288 2029 1409 2113 possit,

325 2142 474 2204 contraria
496 2141 573 2218 sint,
598 2140 721 2225 stupido
744 2141 876 2220 homini,
901 2148 933 2205 at
955 2142 1052 2220 bono,
1077 2142 1103 2206 si
1126 2148 1288 2225 quaeratur
1310 2138 1348 2202 111
1370 2161 1429 2235 eo¹

325 2251 407 2334 qnod
436 2252 550 2316 factum
580 2253 637 2331 sit,
661 2253 780 2318 facilius
804 2253 885 2318 credi
908 2274 999 2339 quam
1022 2255 1183 2320 exercitato
1207 2259 1238 2316 et
1261 2258 1386 2315 versuto
1396 2300 1406 2329 ,

206 2401 208 2405 <
323 2363 367 2425 ita
394 2363 481 2427 finxit
509 2364 641 2428 dicentes
665 2365 814 2443 sinceros,
838 2365 1050 2451 simplicesque
1073 2372 1104 2428 et
1126 2371 1261 2449 apertos,
1279 2368 1315 2425 ut
1335 2362 1410 2426 sub-
1488 2394 1489 2397 ¹

324 2475 421 2560 inepti
443 2475 561 2560 saepius
584 2477 655 2540 sint.
702 2476 788 2557 Quae
820 2477 1014 2562 proferuntur
1036 2476 1146 2562 partim
1173 2483 1246 2539 sunt
1267 2476 1311 2538 ita
1332 2475 1411 2538 trita

325 2592 356 2649 ct
385 2586 537 2670 vulgaria,
565 2595 602 2651 nt
623 2589 661 2651 iis
684 2610 746 2651 non
769 2610 846 2673 opus
869 2588 961 2652 fuisse
985 2610 1079 2673 paene
1103 2586 1224 2650 dixeris.
1270 2587 1328 2650 Ast
1350 2585 1409 2649 illa

325 2697 501 2782 simplicitas
532 2705 651 2762 tantum
679 2699 781 2776 abest,
806 2707 842 2763 ut
864 2700 975 2784 pignus
998 2700 1040 2763 sit
1062 2698 1215 2776 veritatis,
1239 2703 1409 2761 utcontra

325 2817 496 2894 comparata
529 2811 569 2873 sit
600 2809 638 2872 ad
668 2809 846 2874 irretiendos
877 2810 1047 2887 1111111111,
1080 2810 1155 2893 qui,
1182 2809 1255 2873 dum
1284 2814 1408 2872 tantum

325 2927 405 2984 certe
435 2921 605 2986 concedunt
612 2970 622 2999 ,
653 2928 687 2985 ut
716 2922 833 2986 homini
860 2921 987 2985 ridiculo
1011 2922 1155 2998 fortasse,
1180 2920 1233 2985 sed
1255 2919 1406 3004 simplici,

324 3032 387 3095 veri
403 3032 539 3095 studium
558 3032 747 3110 adscribant,
768 3033 806 3096 ad
822 3034 956 3119 captiosa
976 3056 1082 3117 parum
1098 3032 1270 3097 attendunt.
1285 3030 1408 3124 ¹Quem·

324 3142 487 3207 admodum
522 3144 675 3206 Antonins
710 3165 827 3229 semper
859 3144 1023 3229 imparatus
1058 3142 1097 3207 ad
1131 3141 1292 3206 dicendum
1326 3163 1408 3206 aece-

323 3253 394 3318 dere
417 3254 589 3332 videbatur,
614 3254 667 3319 sed
689 3255 733 3318 ita
755 3262 819 3319 erat
847 3263 984 3340 paratae,
1009 3261 1055 3341 ut
1068 3253 1183 3321 iudices
1209 3252 1263 3316 illo
1286 3251 1408 3316 dicente

323 3346 552 3450 nonnumquam
574 3365 749 3429 viderentur
771 3388 833 3429 non
857 3365 929 3428 satis
952 3365 1050 3449 parati
1073 3363 1110 3427 ad
1131 3362 1298 3427 cavendum
1313 3362 1407 3426 1111111

323 3476 397 3561 (Cic.
421 3477 509 3541 Brut.
532 3480 549 3563 d
574 3479 666 3562 139),
699 3478 742 3543 sic
769 3477 913 3563 Lysiacae
936 3497 1082 3562 personae
1108 3474 1223 3558 (licebit
1245 3474 1324 3538 eninr
1346 3473 1407 3536 hoc

322 3587 469 3652 vocabulo
501 3590 557 3673 uti)
580 3590 623 3653 ita
645 3597 718 3657 sunt
741 3589 907 3674 simplices,
933 3594 968 3652 ut
991 3594 1093 3651 tamen
1116 3586 1195 3650 clam
1218 3607 1250 3648 se
1271 3585 1305 3648 in
1326 3583 1407 3647 iudi·

323 3722 392 3764 cum
426 3701 674 3785 approbationem
703 3702 859 3765 insinuent
890 3707 920 3765 et
950 3721 1105 3764 assensum
1135 3698 1222 3782 quasi
1254 3696 1404 3759 furentur.

323 3811 431 3896 Neque
462 3812 543 3876 enim
566 3811 728 3894 quaerebat
750 3812 802 3876 ille
825 3811 1071 3887 admirationem,
1096 3808 1148 3873 sed
1171 3814 1292 3872 tantum
1313 3827 1407 3869 cansa

271 3933 273 3937 ’
324 3931 360 3989 11
381 3913 569 4010 probaretur.

368 4035 413 4099 lla
446 4042 548 4100 autem
581 4035 759 4121 simplicitas
793 4041 825 4098 et
858 4034 950 4098 animi
966 4088 968 4091 ,
984 4031 1097 4097 candor
1130 4029 1232 4095 studio
1266 4050 1284 4092 a
1313 4026 1406 4111 Lysia
1490 4066 1491 4081 1

324 4149 459 4232 quaesita
481 4154 569 4226 sunt,
594 4170 655 4212 non
679 4155 787 4232 sponte
808 4146 960 4231 exipsius
980 4143 1404 4229 ingeniofluxcrunt3neqne
1490 4138 1491 4217 j

233 4340 236 4348 Ἢ
324 4260 404 4322 enim
431 4282 547 4344 semper
569 4281 714 4344 personae
740 4259 805 4323 eius
830 4265 902 4321 sunt
924 4256 1074 4340 simplices
1098 4253 1226 4336 (εὐήθεις)
1249 4256 1281 4314 11
1303 4253 1404 4311 astuta

324 4368 541 4434 demonstratio
575 4391 636 4435 non
671 4369 755 4432 deest
786 4391 840 4432 nec
869 4367 1020 4431 malitiosa
1048 4365 1151 4448 legum
1181 4358 1400 4445 interpretatio.
1490 4376 1491 4383 ¹

324 4479 382 4544 Sed
414 4482 531 4547 etiamsi
566 4489 629 4547 arte
660 4482 738 4545 hanc
769 4480 899 4567 speeiem
929 4480 991 4544 suis
1015 4473 1189 4543 hominibus
1212 4470 1400 4546 conciliavit,
1490 4524 1491 4527 ,
