2958 5238
633 474 673 536 73

111 671 201 754 tiquis
232 670 350 756 legibus
382 673 552 759 conquirit,
584 695 639 759 pro
674 672 786 759 quibus
821 670 970 735 recentior
1004 667 1193 733 consuetudo

110 783 166 847 alia
195 783 382 864 substituat,
414 794 449 850 ut
471 794 617 874 appareat
639 809 700 850 non
723 785 755 850 in
778 782 876 849 verbis
898 781 1086 865 haerendum
1110 802 1192 856 esse,

110 894 158 958 sed
182 895 215 959 in
240 897 392 960 sententia
414 919 492 984 quac
513 897 552 962 iis
576 896 684 963 subsit.
724 895 763 960 In
786 917 848 982 quo
871 916 976 959 rursus
992 892 1114 957 acerbe:
1133 914 1193 970 „an

109 1027 216 1085 ‚,vero,
248 1007 432 1094 interrogat,
461 1019 514 1087 tu,
538 1007 756 1086 Theomnesto,
780 1008 860 1091 (num
882 1028 947 1071 οοιοι
968 1028 1032 1070 rcm
1054 1011 1086 1070 tu
1108 1008 1192 1069 miri-

108 1106 180 1194 „ricc
202 1120 322 1203 οοόῐοο),
347 1118 430 1184 aliud
453 1142 517 1184 esse
540 1126 630 1206 putas
653 1123 735 1202 ῥῖψαι
757 1121 809 1194 τὴν
833 1118 961 1195 mabar,
984 1115 1068 1181 aliud
1083 1116 1192 1193 ἀποβε-

108 1229 312 1306 ,,βληκέναιΡ”
336 1233 365 1318 (p
388 1234 429 1316 9).
472 1230 606 1297 Omnino
630 1230 722 1296 altius
744 1232 878 1315 insurgit
900 1229 1015 1308 oratio,
1039 1227 1192 1312 habetque

109 1339 239 1406 colorem
270 1344 400 1408 eundem
428 1322 515 1430 saepe
542 1351 634 1429 atque
658 1343 839 1408 duodecima
862 1342 904 1426 (in
928 1339 1192 1423 Eratosthenem),

108 1460 141 1515 ut
169 1453 202 1517 in
233 1455 380 1520 orationis
411 1457 562 1520 tenuitate
593 1461 693 1520 tamen
725 1454 816 1519 etiam
846 1452 952 1517 lacerti
984 1451 1066 1528 sint,
1090 1450 1134 1513 sic
1157 1457 1193 1513 ut
1261 1448 1264 1457 ’

108 1562 169 1627 fieri
192 1565 293 1650 possit
315 1566 394 1631 nihil
417 1567 569 1631 valentius
592 1565 667 1651 (010.
692 1564 780 1629 Brut.
807 1566 869 1649 16).

148 1676 165 1758 t
189 1677 218 1739 1.
267 1676 398 1741 Penuria
420 1678 563 1755 testium,
586 1678 704 1764 inquit,
728 1699 791 1740 non
806 1675 967 1752 laborabo,
988 1674 1112 1746 πολλοὺς
1131 1671 1191 1752 ydor

86 1785 182 1861 ,ὑμῶν
202 1787 254 1868 ipsi
273 1787 439 1869 δικάζοντας
458 1794 514 1854 τῶν
533 1788 599 1854 τότε
619 1787 764 1868 παρόντιον
774 1837 782 1870 ,
800 1785 849 1851 dre
860 1785 996 1857 Λυσίθεος
1009 1784 1191 1861 Θεόμνηστον

42 1940 44 1944 »
108 1897 291 1975 elsinwanc.
327 1897 485 1963 Sententia
504 1898 664 1963 manifesto
686 1899 759 1962 hacc
781 1898 963 1984 requiritur:
981 1896 1095 1961 multos
1111 1895 1191 1959 enim

109 2030 225 2088 eorum,
260 2010 314 2095 qui
342 2017 416 2074 tunc
440 1986 583 2088 aderant,
608 2033 691 2075 nunc
713 2010 745 2074 in
769 2009 905 2074 iudicum
932 2008 1085 2073 subselliis
1108 2029 1192 2091 prae-

109 2130 204 2185 sentes
230 2121 327 2187 video.
368 2122 426 2187 Sed
439 2122 592 2207 quomodo
608 2123 683 2186 haec
698 2144 767 2186 oum
783 2120 882 2185 verbis
898 2119 1073 2196 conveniat,
1090 2126 1193 2181 tacent

108 2228 296 2316 interpretes
343 2230 426 2296 Nam
448 2235 526 2309 ὑμῶν
548 2240 603 2299 τῶν
623 2233 689 2298 τότε
705 2234 850 2313 παρόντων
865 2231 954 2316 iungi
969 2252 1030 2294 non
1047 2236 1175 2315 possunt
1181 2255 1190 2305 ;

109 2361 166 2406 oon
189 2343 273 2407 enim
296 2343 319 2407 ii
343 2344 395 2427 qui
417 2366 501 2408 nunc
522 2344 639 2409 iudices
663 2343 789 2422 sedent,
813 2351 879 2414 tum
903 2342 1052 2407 affuerant
1075 2363 1188 2405 omnes.

111 2448 183 2515 llihi
214 2452 431 2538 expellendum
462 2454 582 2519 ridetur
612 2456 707 2538 ὑμῶν,
739 2463 775 2520 ut
803 2454 950 2539 iungatur
980 2453 1105 2523 πολλοὺς
1135 2454 1191 2517 τοῖν

110 2561 170 2626 τότε
193 2562 343 2644 παρόντων
366 2567 437 2650 (νῦν)
460 2565 628 2648 δικάζοντας
651 2568 710 2646 ipsi.

147 2675 218 2758 pt.
265 2681 382 2755 Φαῦλον
406 2677 466 2757 γὰρ
489 2676 577 2743 αὐτὸ
600 2678 649 2742 καὶ
672 2678 780 2750 οὐδενὸς
802 2674 880 2753 όόξιον
904 2677 1043 2755 ἡγούμην.
1082 2675 1132 2739 Ita
1154 2698 1191 2740 ex

110 2781 243 2872 dmperii
274 2789 425 2852 sententia
458 2811 540 2854 nunc
571 2811 625 2874 pro
656 2790 744 2856 αὐτόν
770 2788 893 2874 legitur.
940 2788 1052 2875 Aptius
1075 2792 1190 2870 φαῦλος

110 2896 156 2959 καὶ
186 2898 296 2971 οὐδενός
325 2898 405 2977 ἄξιος
436 2900 474 2966 de
505 2901 627 2966 homine
658 2924 751 2987 quam
781 2902 819 2965 de
849 2924 881 2966 re
912 2900 1072 2978 dicuntur,
1096 2923 1190 2986 quare

109 3007 296 3075 redeundum
322 3019 397 3098 puto
421 3012 460 3077 ad
483 3013 644 3078 lectionem
667 3013 824 3078 librorum.
872 3011 972 3076 Facile
995 3013 1120 3090 ferrem,
1145 3011 1190 3076 in·

110 3122 189 3202 quit,
215 3124 243 3188 si
264 3146 313 3189 me
335 3131 452 3209 patrem
468 3147 560 3189 suum
574 3124 760 3190 interfecisse
775 3124 1003 3202 criminaretur,
1020 3145 1091 3187 eum
1106 3123 1187 3188 enim

109 3253 161 3316 ego
191 3235 343 3300 abiectum
370 3244 401 3299 et
424 3236 681 3302 contemnendum
704 3235 866 3322 putabam,
891 3234 1035 3299 nimirum
1058 3234 1187 3299 durnin

6 3360 7 3365 ’
112 3343 182 3408 vivis
214 3353 288 3411 erat.
324 3346 371 3411 Of.
404 3348 492 3412 Isae..
515 3350 545 3412 2.
577 3351 637 3412 43:
669 3349 692 3413 sl
719 3345 790 3414 οὕτω
813 3354 929 3431 φαῦλος
951 3347 1019 3412 δοκῶ
1043 3343 1113 3412 εἶναι
1138 3346 1188 3411 καὶ

6 3454 8 3541 l
111 3454 222 3528 μηδενός
246 3455 334 3534 ἄξιος.
357 3496 402 3506 -
423 3460 440 3544 p
463 3462 481 3522 3
506 3481 561 3543 pro
585 3459 647 3538 περὶ
672 3465 722 3525 τοῦ
746 3459 854 3541 πατρός
876 3461 1091 3541 τιμωρήσασθαι
1115 3481 1188 3524 usus

6 3552 7 3555 ¹
112 3566 232 3647 requirit
255 3568 324 3647 ὑπὲρ
346 3575 397 3635 τοῦ
420 3594 469 3647 ru,
493 3577 531 3634 ut
556 3572 605 3635 13.
631 3573 671 3633 tl
697 3579 728 3635 et
751 3574 811 3650 42,
836 3579 867 3635 et
889 3570 971 3635 alibi.

150 3677 218 3761 όό.
265 3678 315 3745 εὀόν
333 3704 377 3753 τις
397 3678 463 3761 εόπη
480 3680 528 3746 τόν
555 3682 670 3760 πατέρα
692 3682 890 3747 οόπεκτονένοοι.
937 3681 1009 3745 Iure
1032 3682 1186 3766 Augerius

112 3784 157 3849 ε’όν
185 3789 229 3862 τός
250 3789 303 3856 τιν’
326 3789 403 3872 εόπη.
450 3789 516 3856 Nec
539 3791 578 3855 ad
601 3791 821 3857 defendendam
843 3793 998 3878 vulgatam
1026 3793 1186 3858 lectionem

114 3909 319 3983 argumentum
342 3902 405 3986 peti
428 3908 530 3987 potest
552 3925 589 3966 cx
611 3904 628 3988 ό
650 3906 689 3966 9:
713 3905 742 3968 ἐν
763 3904 792 3969 δὲ
814 3905 855 3984 τῷ
878 3903 952 3984 νόμῳ
970 3903 1060 3984 εἴρητο
1079 3904 1187 3976 ἐόντος

113 4008 208 4093 Φόοκη
237 4013 494 4096 ἀποβεβληκέναι,
527 4015 656 4089 ὑπόδικον
687 4011 772 4091 εἶναι,
805 4036 861 4078 nec
887 4037 923 4079 ex
945 4016 963 4100 ό
987 4017 1045 4094 12,
1070 4038 1126 4079 nec
1149 4038 1186 4079 ex

115 4121 236 4204 epitome
267 4125 357 4189 huius
388 4127 534 4191 orationis
565 4128 631 4213 (11)
660 4130 677 4213 p
708 4129 744 4205 6,
776 4126 889 4212 quibus
917 4127 991 4191 locis
1021 4129 1088 4213 ipsa
1109 4127 1185 4213 legis

115 4231 198 4296 verba
219 4234 393 4300 laudantur.

155 4344 221 4426 bl.
267 4345 451 4412 Causabitnr
480 4348 559 4413 nihil
590 4372 621 4413 se
652 4350 763 4414 dixisse
795 4348 876 4434 quod
907 4350 972 4434 lege
995 4349 1183 4434 prohibitum

117 4451 167 4533 sit,
197 4480 255 4544 qua
278 4480 339 4522 uon
361 4457 561 4522 interdicatur
582 4482 621 4524 ne
645 4462 712 4546 quis
735 4461 833 4525 verbis
856 4463 1032 4527 ἀποκτείνειν
1059 4461 1107 4527 τόν
1126 4486 1184 4527 ποο-
