2994 5234
823 488 886 549 194

698 547 704 576 l

310 683 390 745 chon
413 681 478 745 Rex
501 683 653 765 ceterique
677 682 812 765 collegae
831 683 977 748 sollemne
997 685 1180 749 sacrificium
1195 685 1329 769 proximo
1343 683 1385 745 die

311 803 458 876 peragant
480 794 496 876 p
521 794 556 855 8:
581 793 642 857 ἔστι
666 792 691 856 δ’
716 794 782 869 ὑμῖν
804 796 836 856 οὐ
859 800 944 859 τοῦτο
967 795 1050 871 μόνον
1073 797 1227 872 σκεπτέον,
1249 794 1332 860 ἀλλὰ
1342 792 1384 857 κν)

310 905 427 982 πότερον
448 902 650 980 εὐσεβέστερον
672 902 720 966 τὸν
742 903 874 979 βασιλέα
897 904 945 967 acl
968 906 1035 976 τοὺς
1056 903 1255 984 συνάρχοντας
1275 903 1386 981 ratae
1465 954 1470 964 .

310 1017 360 1076 τοῦ
378 1012 535 1086 μέλλοντος
560 1010 654 1089 ἄρξειν
677 1010 739 1091 ἱερὰ
762 1016 862 1094 θῦσαν,
880 1016 916 1084 ὦς’
934 1014 983 1077 nal
1003 1015 1134 1093 πρότερον
1154 1014 1205 1089 ἤδη
1225 1014 1385 1093 γεγένηται,

310 1122 327 1196 ἢ
358 1123 408 1185 nal
442 1127 558 1197 τοῦτον,
597 1122 630 1184 in
666 1121 779 1204 quibus
813 1123 827 1184 ὁ
861 1121 979 1198 μέλλων
1011 1121 1106 1200 ἄρξειν
1141 1122 1254 1186 dicitur
1287 1122 1387 1185 arcton

310 1255 486 1316 epcaymua,
517 1232 571 1315 qui
602 1233 634 1294 in
667 1231 769 1293 locum
804 1230 956 1308 Evandri,
993 1233 1018 1294 si
1049 1233 1241 1316 improbatus
1271 1232 1386 1305 fuisset,

310 1341 545 1405 substituendus
580 1347 677 1417 esset,
716 1340 820 1404 eadem
853 1342 971 1404 ratione
1000 1338 1062 1423 qua
1097 1341 1275 1426 Eponymus
1306 1341 1387 1423 vulgo

311 1449 490 1533 simpliciter
521 1446 620 1528 ἄρχων
648 1449 770 1512 dieitur.
818 1448 941 1513 Crimen
965 1450 1118 1515 obiectum
1143 1461 1189 1514 est
1212 1451 1386 1516 tralaticium

309 1559 405 1635 illud,
438 1558 521 1642 quod
544 1559 687 1622 saevitiae
710 1559 838 1642 triginta
865 1562 1000 1623 virorum
1023 1562 1124 1624 socius
1148 1560 1272 1638 foisset3
1296 1561 1388 1642 singu·

309 1668 386 1731 laria
416 1668 489 1731 huic
520 1676 551 1730 et
573 1669 697 1752 propria
719 1691 780 1731 nou
805 1669 1012 1752 proferuntur.
1059 1669 1126 1733 Nec
1150 1693 1321 1735 successum
1343 1669 1388 1731 ha·

309 1776 378 1840 buit
401 1779 516 1856 orati03
542 1777 684 1841 Evander
707 1778 845 1861 proximo
872 1800 953 1841 anno
980 1779 1133 1863 Eponymi
1160 1803 1285 1844 munere
1313 1779 1388 1841 timc-

309 1892 360 1947 tus
384 1891 439 1948 est.

354 1994 462 2058 Oratio
494 1995 568 2058 satis
600 2002 646 2058 est
669 1995 750 2059 bona
773 2003 804 2058 et
826 1997 947 2078 integra
953 2022 964 2073 ;
988 2019 1060 2060 nam
1084 2020 1162 2080 quae
1186 1998 1386 2062 desiderantur

308 2104 399 2167 initia
429 2125 492 2166 non
522 2104 621 2166 multa
653 2113 742 2181 suut;
776 2106 843 2188 ipsa
866 2107 1082 2188 opportunitas
1106 2108 1252 2170 orationis
1275 2106 1386 2170 habitae

309 2212 456 2289 faciebat,
481 2220 519 2276 ut
541 2213 578 2276 de
601 2212 809 2276 Leodamante
832 2214 1003 2297 improbato
1028 2215 1158 2298 aliisque
1181 2217 1284 2294 rebus,
1302 2215 1385 2298 vulgo

309 2331 376 2386 tum
407 2323 504 2393 notis,
536 2344 599 2385 uon
631 2324 751 2406 copiose
775 2331 855 2386 esset
877 2324 1109 2408 exponendum3
1135 2349 1171 2390 ea
1195 2334 1287 2411 prout
1310 2346 1385 2408 argu·

309 2435 456 2497 mentatio
480 2433 657 2515 postulabat
679 2432 812 2496 breviter
834 2436 995 2498 memorari
1018 2442 1170 2517 poterant.
1387 2435 1389 2439 ’

353 2539 476 2605 Interiit
504 2542 583 2605 inter
615 2543 782 2605 orationem
811 2545 852 2604 25
877 2552 908 2606 et
931 2544 1010 2606 hanc
1033 2567 1115 2607 unus
1140 2547 1301 2628 quaternio
1323 2546 1341 2607 i.
1361 2563 1383 2603 e.

309 2653 435 2736 paginae
460 2651 565 2735 quales
588 2652 619 2715 in
644 2652 778 2715 editione
801 2652 940 2730 Scheibi,
962 2654 1193 2737 quatuordecim
1218 2656 1298 2731 fere,
1319 2671 1385 2735 quae

309 2760 506 2824 continebant
538 2760 707 2824 secundum
735 2762 868 2825 indicem
892 2763 1034 2827 Palatino
1057 2765 1267 2848 praepositum
1290 2762 1385 2826 oratio-

308 2890 379 2932 nem
408 2870 489 2933 κατὰ
520 2869 636 2934 Νικίδου
665 2867 773 2949 ἁργίσρ
803 2872 852 2954 (ef.
883 2872 996 2956 Saupp.
1029 2896 1076 2957 ep.
1106 2897 1135 2957 p.
1162 2876 1179 2938 7
1190 2926 1197 2952 ,
1222 2877 1296 2960 sq.)‚
1319 2889 1384 2954 quae

308 2985 408 3041 totum
440 3001 535 3063 paene
566 2981 797 3064 quaternionem
828 2982 961 3065 explevit
968 3009 978 3060 3
1011 3006 1081 3046 nam
1112 2984 1145 3047 in
1168 2985 1229 3048 fine
1253 2978 1383 3047 orationis

310 3090 351 3150 25
377 3088 517 3151 similiter
540 3112 602 3152 non
625 3091 685 3153 nisi
708 3113 806 3174 panca
828 3092 980 3156 interiisse
1004 3095 1156 3158 videntur.

370 3316 471 3360 XXVII.
501 3317 567 3361 RAT'
581 3324 755 3364 ΕΠΙΚΡΑΤΟΤΣ
769 3327 817 3364 ΚΑΙ
832 3329 894 3365 ΤΩΝ
908 3328 1158 3368 ΣΤΜΠΡΕΣΒΕΤΤΩΝ·
1182 3328 1331 3370 ΕΠΙΔΟΓΟΣ,

746 3416 787 3453 m:
802 3417 959 3456 ΘΕΟΔΩΡΟΣ.

352 3611 422 3694 pt.
469 3608 565 3693 Saepe
596 3611 630 3674 hi
656 3611 742 3675 vobis
766 3612 927 3690 dixerunt,
951 3613 1012 3676 uisi
1035 3621 1233 3678 coerceantur
1256 3614 1381 3698 rapinae,

307 3740 385 3803 quas
412 3719 472 3803 ipsi
502 3719 706 3800 denuncient,
738 3723 873 3805 peritura
904 3745 969 3786 esse
992 3723 1079 3786 vobis
1103 3724 1258 3809 stipendia
1281 3715 1382 3808 (ἐπιλεί-

306 3834 357 3907 ψει
388 3830 466 3905 ὑμᾶς
497 3832 514 3903 ἡ
544 3831 725 3913 μισθοφορά).
772 3832 831 3896 Kal
863 3839 910 3897 νῦν
940 3833 1017 3897 οὐδὲν
1049 3831 1132 3909 ἧσσον
1155 3840 1290 3899 τοσοῦτον
1309 3829 1379 3898 ἐνδεῖ,

306 3935 381 4001 ὥστε
408 3935 442 4000 τὸ
465 3937 519 4011 μὲν
539 3940 645 4011 πλῆθος
658 3988 667 4003 .
680 3989 687 4004 .
702 3990 733 4005 ..
754 3940 803 4004 καὶ
828 3943 846 4016 ἡ
868 3941 995 4019 αἰσχύνη
1019 3942 1036 4015 ἦ
1060 3941 1107 4006 δνσὶ
1128 3943 1237 4007 τούτων
1261 3944 1325 4018 ὑμῖν
1343 3932 1380 4012 νί-

307 4068 428 4126 γνεσνν,
452 4048 469 4119 ἡ
492 4044 662 4127 &aetiana
684 4047 803 4120 τούτοις.
838 4047 995 4113 Lacunam
1020 4052 1145 4132 agnovit
1164 4051 1321 4125 DobreuS,
1336 4041 1379 4128 qul

306 4160 409 4217 tamen
439 4154 472 4217 in
504 4155 655 4218 sententia
678 4156 894 4220 constituenda
917 4160 1044 4222 erravit:
1069 4159 1176 4241 „quod
1200 4160 1253 4223 isti
1278 4171 1379 4240 semper

305 4263 512 4340 „dictitabant
518 4288 635 4343 ,nunc
658 4266 766 4330 saltem
789 4289 895 4331 verum
918 4277 980 4346 est3
1005 4290 1102 4351 quum
1125 4269 1169 4332 ita
1193 4272 1315 4333 attritae
1329 4266 1379 4328 sint

305 4375 461 4452 „civitatis
491 4397 582 4460 opes,
614 4383 650 4438 ut
683 4376 755 4459 [nisi
787 4385 982 4440 coerceantur
1013 4379 1122 4441 horum
1149 4380 1295 4464 rapinae,
1317 4373 1378 4462 peri·
