3002 5240
754 465 793 526 70

232 662 397 747 deliquisse
429 662 599 738 videretur,
630 662 711 746 quod
743 685 803 725 non
836 663 993 740 solvisset,
1018 670 1049 727 et
1071 670 1231 748 propterca
1253 660 1319 723 eins

231 774 311 837 boue
337 772 487 858 publicari
519 779 652 857 possent.
699 772 758 836 Per
788 774 812 837 δ’
839 770 902 850 οὖν,
930 781 965 837 ut
993 773 1104 857 vulga,
1130 772 1319 857 significatur

232 884 332 947 omitti
362 884 422 948 iam
453 884 628 948 ulteriorem
657 884 894 969 disputationem
918 885 1011 950 dere
1034 884 1144 962 dubia,
1169 884 1317 968 quoniam

230 996 290 1058 iam
321 1017 356 1058 ex
380 997 520 1080 superius
543 996 669 1080 positis,
694 997 783 1059 certis
806 995 869 1059 illis
893 1002 924 1060 et
945 996 1070 1060 minime
1098 994 1214 1072 dubiis,
1239 994 1318 1058 ratio

230 1105 373 1170 concludi
396 1107 508 1191 possit;
533 1115 587 1171 aut
609 1108 733 1170 omniuo
757 1107 816 1171 alia
840 1129 996 1192 superesse
1020 1108 1148 1172 certiora
1174 1107 1213 1170 ad
1240 1118 1319 1192 quae

231 1218 454 1313 transeundum
484 1218 533 1281 sit.
594 1216 665 1280 Non
693 1217 788 1301 igitur
820 1218 959 1282 assentiri
987 1240 1110 1302 possum
1140 1218 1205 1281 viro
1234 1240 1319 1302 prae-

231 1327 417 1390 stantissimo
448 1350 478 1411 p.
512 1330 576 1390 253
607 1327 805 1391 contendenti
835 1335 959 1413 propter
981 1331 1004 1393 εἰ
1028 1328 1051 1392 δ’
1075 1325 1123 1393 οὖα
1149 1329 1318 1392 necessario

231 1438 317 1522 sequi
349 1437 458 1502 debere
490 1436 732 1515 conclusionem,
763 1461 841 1522 quae
865 1461 881 1502 e
904 1440 1039 1524 proxime
1064 1438 1317 1524 praecedentibus

231 1549 371 1612 ducatur.
418 1548 608 1632 interpretor
640 1548 723 1632 (inde
754 1548 791 1612 ab
815 1551 839 1614 εἰ
862 1548 885 1612 δ’
909 1546 983 1634 odd:
1008 1549 1115 1634 „quod
1138 1550 1164 1614 si
1187 1550 1235 1614 vel
1258 1571 1319 1613 ma·

230 1660 333 1738 „xime
356 1659 389 1722 hi
411 1681 459 1722 me
481 1660 547 1722 iure
570 1658 770 1724 mulctassent
794 1671 824 1723 et
846 1660 879 1723 in
902 1668 1000 1724 vestra
1015 1662 1158 1725 contione
1172 1661 1318 1727 mulctam

231 1769 490 1849 „confirmandam
514 1777 689 1847 curassent,
713 1778 817 1834 tamen
840 1793 912 1855 ego,
936 1771 1164 1836 remittentibus
1181 1779 1320 1855 quaesto·
1376 1812 1380 1821 ι

231 1881 354 1960 „ribus
378 1881 443 1944 iure
464 1883 599 1965 (propter
615 1880 694 1945 hauc
709 1881 927 1967 remissionem)
944 1883 1035 1967 eulpa
1051 1905 1147 1948 essem
1162 1883 1318 1947 liberatus.

232 1991 337 2071 „Nam
368 1993 394 2055 si
425 1999 489 2055 erat
520 1990 638 2055 arbitrii
661 1992 796 2076 ipsorum
820 1993 1038 2077 (quaestorum)
1063 1994 1257 2078 exigerentue
1280 2015 1319 2056 au

232 2104 459 2182 „remittereut,
491 2127 530 2168 ue
562 2104 588 2167 si
619 2125 655 2167 ex
686 2104 752 2188 lege
777 2104 900 2188 quidem
925 2107 954 2188 (a
977 2106 1129 2191 strategis)
1152 2103 1321 2169 mulctatus

234 2238 376 2294 ‚,essem,‚
394 2237 478 2280 nuno
500 2216 609 2280 merito
632 2215 772 2279 deberem
796 2218 1006 2300 (quaestorum
1029 2225 1108 2281 esset
1131 2215 1247 2301 culpa);
1272 2216 1321 2279 sin

233 2327 334 2405 „nibil
369 2327 440 2390 licet
474 2328 512 2390 iis
546 2327 715 2404 remittere,
748 2327 800 2391 sed
833 2327 924 2391 iidem
956 2328 1119 2392 reddendis
1150 2326 1320 2412 rationibus

231 2437 378 2516 „obnoxii
402 2445 491 2515 suut,
515 2437 603 2501 facile
626 2438 736 2501 iustam
760 2459 888 2521 poenam
911 2438 1098 2503 incurrent.”

277 2549 315 2612 Iu
345 2550 361 2633 d
392 2550 430 2610 15
462 2547 631 2612 notandum
662 2555 708 2611 est
737 2550 789 2623 τὴν
820 2550 904 2628 ὀργὴν
930 2551 1154 2626 συνεστήσαντο.
1200 2546 1320 2612 ibidem

232 2659 404 2739 παρέβησαν
434 2659 500 2731 τοὺς
530 2656 625 2738 ἕρκους
657 2681 734 2723 nove
765 2658 882 2723 dictum
914 2667 959 2723 est
990 2668 1020 2724 et
1051 2659 1153 2724 studio
1183 2660 1321 2745 quaesita

232 2770 450 2854 ambiguitate;
480 2770 675 2834 observarant
706 2770 786 2834 euim
818 2771 943 2854 strategi
970 2769 1202 2848 iusiurandum,
1237 2768 1320 2852 quod

232 2882 382 2945 delectum
414 2880 583 2945 habuerant
590 2907 599 2959 3
631 2881 692 2944 imo
724 2880 793 2966 plus
827 2881 963 2945 fecerant
996 2903 1087 2965 quam
1124 2880 1319 2966 exigebatur,

232 3016 301 3057 nam
326 2993 417 3056 etiam
440 3014 506 3069 eos,
533 2992 585 3075 qui
600 2993 661 3055 iam
676 2991 899 3070 militaverant,
917 2992 1100 3076 scripserant
1115 2993 1228 3057 milites
1236 3020 1245 3071 ;
1263 2993 1322 3056 boc

232 3104 328 3190 igitur
357 3126 420 3166 non
448 3101 570 3187 quidem
594 3102 687 3180 falso,
713 3103 766 3166 sed
788 3101 940 3167 malitiose
963 3103 1038 3168 dicit
1061 3105 1231 3185 παραβῆναι
1254 3104 1321 3177 τοὺς

233 3213 336 3296 ὅρκους.

275 3325 314 3389 ln
342 3332 492 3410 postrema
515 3323 660 3387 orationis
685 3331 769 3408 parte
792 3323 863 3387 iude
888 3347 904 3386 a
928 3324 1061 3388 sectione
1088 3328 1128 3389 16
1152 3324 1325 3409 deprehen-1

233 3438 349 3501 duntur
360 3437 460 3500 multa
471 3444 524 3500 ant
537 3436 666 3500 obscura
677 3443 731 3500 aut
751 3437 831 3500 iuter
847 3458 878 3499 se
893 3438 1107 3522 repugnantia.
1128 3436 1230 3501 Verba
1238 3437 1321 3518 πραῢ·

233 3551 317 3614 θεσαν
340 3550 369 3613 δὲ
392 3550 432 3628 τῷ
456 3549 558 3623 πλήθει
580 3548 796 3625 βουλεύσασθαι
824 3546 886 3627 περὶ
914 3548 1137 3631 τοῦσώματος,
1162 3548 1321 3629 ζημιώσαν-

231 3685 280 3732 τες
310 3661 364 3737 μὲν
393 3662 429 3731 dc
456 3661 508 3734 aba
534 3660 628 3739 ἀρχὴν
658 3659 853 3738 λοιδοροῦντα,
889 3660 1178 3738 κατολιγωρήσαντες
1210 3659 1239 3722 δὲ
1269 3665 1322 3722 τοῦ

231 3771 352 3854 δικαίου,
384 3770 549 3852 βιαζόμεναι
579 3770 727 3848 (iadorae
758 3768 791 3846 ἐξ
820 3767 950 3842 ἅπαντας
981 3771 1087 3854 λόγου,
1120 3772 1195 3835 haec
1224 3770 1321 3857 igitur

231 3881 323 3947 verba
345 3881 383 3945 ad
406 3894 546 3967 praeseus
570 3881 717 3946 iudicium
742 3888 890 3966 spectant.
937 3881 997 3946 Sed
1020 3889 1185 3967 antequam
1208 3903 1320 3967 pergo,
1366 3962 1369 3967 Ι

231 3992 316 4056 lubet
339 3993 460 4078 singula
483 4016 589 4056 causae
611 3999 767 4057 momenta
787 3993 820 4056 in
836 3995 1012 4058 memoriam
1027 4017 1176 4058 revocare.
1212 3997 1239 4057 l.
1263 3993 1320 4056 Po-

230 4104 356 4187 lyaenus
390 4104 477 4168 miles
513 4105 658 4169 scribitur
692 4104 745 4167 sed
780 4104 922 4169 militiam
957 4105 1114 4170 detrectat.
1170 4107 1199 4168 2.
1232 4103 1319 4168 Idem

230 4215 423 4298 magistratui
454 4214 625 4291 maledicit,
659 4222 844 4299 quapropter
874 4215 990 4279 mulcta
1021 4215 1167 4300 (ἐπιβαλή)
1191 4215 1219 4279 ei
1241 4215 1321 4278 indi·

230 4326 309 4389 citur
333 4348 350 4388 a
373 4327 528 4409 strategis,
552 4334 605 4390 aut
629 4326 770 4411 strategis·
790 4348 858 4390 cum
876 4327 1029 4391 archonte.
1066 4326 1155 4391 Hauc
1170 4327 1318 4391 mulctam

229 4437 390 4502 remittunt
414 4444 596 4522 quaestores.
631 4437 710 4502 Tum
732 4437 902 4502 instituunt
924 4438 1038 4502 archon
1059 4445 1089 4502 et
1105 4438 1230 4523 strategi
1244 4438 1324 4503 dar-
