2994 5234
624 476 686 537 193

103 684 282 762 γορύσαντος
310 675 537 759 Θρασυβούλου,
566 670 608 738 ἐτι
632 668 664 747 ἦν
688 669 827 745 στηλίτης
851 669 978 745 γεγονὼς
1002 668 1031 731 ἐν
1053 676 1090 748 τῇ
1113 669 1197 745 οὶκρο-

104 793 209 872 πόλει,
240 788 309 854 ἀλλ’
341 788 464 866 ἐκκόψαι
495 783 565 867 (leg.
597 779 788 854 ἐκκέκοπται,
821 785 875 841 aut
897 776 1125 860 ἐκκεκύλαπται)
1149 778 1197 840 ἐπὶ

104 906 165 965 τῶν
192 897 363 980 τριύκοντα,
391 898 441 961 οὐκ
471 893 637 974 ἐνδέχεσθαι
667 890 743 973 ἔφη·
770 892 887 967 μοῖλλον
912 888 972 967 γαρ
994 886 1031 951 ἐιν
1054 884 1201 950 πιστεύειν

68 1015 72 1019 ’
106 1011 191 1090 αύτῷ
221 1007 287 1078 τοὺς
316 1006 487 1087 τριύιιοντα,
512 1001 761 1081 ἐγγεγραμμένος
783 1007 836 1073 τῆς
860 998 966 1078 ἐχύρας
990 996 1058 1073 πρὸς
1082 996 1132 1059 τὸν
1153 994 1201 1068 δῆ-

104 1142 173 1195 μον.
220 1116 331 1199 Itaque
354 1113 472 1198 aliquid
496 1112 534 1176 de
557 1111 622 1175 viro
645 1110 705 1173 hoc
728 1115 867 1186 constat3
892 1106 945 1170 sed
962 1104 1201 1188 distinguendus

109 1249 185 1291 sane
209 1233 256 1289 est
279 1248 296 1288 a
318 1223 527 1287 Leodamantc
551 1221 742 1285 Acharnensi
764 1217 862 1283 nobili
878 1224 1014 1293 oratore,
1031 1214 1069 1277 de
1086 1234 1147 1297 quo
1163 1213 1201 1276 cl.

110 1335 241 1399 Ruhnk.
266 1334 339 1397 hist.
364 1332 431 1396 crit.
460 1330 515 1395 Or.
539 1354 570 1415 p.
593 1349 690 1407 nxm,
715 1328 827 1412 Saupp.
851 1326 910 1411 Ep.
934 1324 1011 1389 Orit.
1031 1348 1062 1408 p.
1080 1327 1140 1402 20,
1157 1346 1202 1406 sq.

108 1444 186 1509 Non
216 1444 341 1508 meliore
370 1442 450 1505 fama
482 1462 574 1524 quam
604 1438 773 1503 Leodamas
808 1443 873 1500 erat
894 1434 1108 1519 Thrasybulus
1136 1432 1205 1495 Col-

109 1555 241 1638 lytensis
271 1555 354 1636 (nam
383 1553 465 1616 hunc
496 1551 680 1636 significari,
704 1571 766 1613 non
790 1547 968 1611 Stiriensem
996 1544 1074 1608 vidit
1099 1543 1205 1607 Ruhn-

110 1664 253 1747 laenius),
282 1685 353 1726 uam
376 1660 546 1725 secundum
568 1658 808 1723 Demosthenem
830 1658 862 1721 in
886 1656 1076 1720 Timocrates
1098 1656 1115 1737 ᾧ
1139 1655 1203 1715 134

109 1774 158 1837 bis
181 1774 217 1835 in
240 1771 371 1835 vinculis
393 1772 511 1847 fuerat3
536 1777 567 1833 et
590 1770 616 1832 si
637 1768 749 1853 Lysiae
772 1766 958 1831 eredendum
981 1768 1055 1850 §23
1073 1763 1204 1848 pecunia

111 1886 277 1964 corruptus
307 1880 438 1942 Boeotos
471 1879 509 1943 ab
533 1878 774 1942 Atheniensibus
798 1877 998 1953 alienaverat,
1023 1897 1114 1938 naves
1138 1895 1205 1957 pro-

83 1977 251 2066 'diderat,
283 1987 322 2052 ad
353 1988 461 2051 incitas
493 1986 602 2050 urbem
632 1987 807 2071 redegerat,
840 1986 1008 2070 acaptivis
1039 1983 1206 2047 Athenien-

114 2101 201 2164 sibus
225 2107 261 2161 ut
283 2098 380 2182 ipsius
403 2119 495 2181 opera
517 2096 641 2181 publice
664 2096 903 2173 redimerentur,
921 2096 1081 2179 pecuniam
1096 2099 1204 2176 pactus

10 2248 11 2251 =
117 2207 215 2293 (παρὰ
244 2212 300 2271 τῶν
330 2206 533 2285 αἰχμαλώτων
563 2199 609 2278 οὓς
640 2207 728 2276 αὐτὸς
758 2205 913 2279 οέπύλεσε,
943 2203 1098 2284 τριύκοντα
1127 2207 1206 2281 μνᾶς

9 2362 10 2365 =
116 2315 371 2398 ἐσυκοφύντησεν,
400 2317 431 2378 ού
450 2315 581 2415 φύσκαι
605 2315 711 2385 αὐτοὺς
733 2316 888 2388 λύσεσθαι,
913 2314 936 2377 εἰ
960 2316 1002 2391 μὴ
1024 2312 1104 2378 τοῦτ’
1126 2315 1206 2391 αὐτῷ

119 2428 203 2508 παρα
242 2430 325 2506 σφῶν
367 2426 461 2488 αὐτῶν
496 2423 698 2506 παράσχοιεν).
746 2422 902 2488 Nimirum
945 2423 1082 2507 quinque
1119 2422 1206 2485 aunis

9 2572 11 2605 z
119 2542 190 2598 ante
222 2533 300 2596 hanc
330 2533 498 2595 orationem
521 2532 658 2596 habitam
682 2534 770 2615 (387)
794 2554 891 2616 quum
916 2533 1055 2597 Athenae
1079 2555 1097 2595 a
1119 2531 1207 2616 Spar-

10 2646 12 2707 l
117 2646 199 2708 tanis
230 2643 309 2706 duce
340 2641 480 2706 Teleutia
508 2665 545 2706 ex
568 2643 687 2726 Aegina
709 2642 817 2707 Piraeo
840 2643 1071 2708 imminentibus
1094 2643 1132 2706 ad
1156 2665 1208 2706 an·

10 2744 12 2795 f
87 2781 89 2786 ·
118 2753 237 2838 gustias
266 2752 406 2815 redactae
429 2759 547 2829 essent,
572 2750 783 2836 Thrasybulus
803 2774 873 2816 cum
890 2759 960 2814 octo
976 2752 1151 2816 triremibus
1169 2752 1207 2814 ab

11 2874 13 2943 y
118 2861 284 2927 Antaloida
305 2861 404 2925 victus
429 2867 502 2925 erat.
550 2860 629 2924 Xen.
654 2861 737 2924 Hell.
762 2861 801 2926 V.
829 2866 858 2925 1.
884 2865 935 2928 27.
973 2865 1002 2924 A
1025 2883 1085 2945 qua
1105 2860 1206 2937 clade,

11 2968 13 2999 ³
118 2995 183 3036 rem
216 2971 366 3035 invidiose
397 2993 599 3055 exaggerans,
631 2972 743 3055 repetit
774 2971 881 3055 Lysias
912 2971 1093 3047 discrimen,
1126 2970 1208 3054 quod

120 3081 252 3145 Athenis
276 3081 470 3144 imminebat:
500 3083 552 3154 την
583 3081 667 3146 πόλιν
690 3081 753 3159 περὶ
778 3082 919 3160 σωτηρίας
942 3082 1132 3159 βουλεύεσθαι
1157 3105 1210 3144 πε-

120 3193 246 3264 ποίηκεν.
291 3188 380 3253 Idem
403 3190 483 3253 illud
507 3191 670 3254 discrimen
693 3212 795 3254 rerum
819 3191 1008 3275 significatur
1032 3215 1049 3255 ο
1069 3190 1162 3275 Lysia
1177 3192 1210 3254 iu

122 3301 260 3365 oratione
290 3299 359 3363 κατ’
387 3300 575 3376 Ἀλκιβιύδου
606 3298 675 3386 (14.
708 3301 746 3364 cf.
779 3322 871 3385 supra
902 3324 931 3385 p.
965 3304 1050 3386 109).
1097 3301 1212 3365 Thebis

123 3411 258 3474 multum
275 3407 406 3471 valuisse
423 3409 604 3472 auctoritate
621 3408 847 3493 Thrasybulum
863 3411 963 3487 hunc,
980 3411 1071 3474 refert
1089 3411 1213 3474 Aeschi-

14 3584 16 3605 ἓ
123 3542 176 3584 nes
201 3520 233 3581 3.
260 3519 334 3580 138.

167 3629 206 3692 In
255 3628 356 3691 locum
399 3626 564 3711 improbati
605 3627 823 3693 Leodamantis
854 3629 1040 3693 substitutus
1071 3630 1214 3695 Evander

15 3750 17 3777 ¹
124 3738 295 3824 penultimo
319 3738 391 3801 anni
413 3738 462 3802 die
478 3761 561 3803 nuno
580 3739 613 3802 in
632 3746 741 3802 senatu
762 3739 918 3823 probatur.
950 3742 1087 3804 Accusat
1101 3740 1213 3803 nobilis

125 3849 236 3932 aliquis
268 3847 483 3924 Atheniensis,
516 3847 603 3911 onius
631 3848 760 3912 maiores
784 3848 987 3913 Pisistratidis'
1011 3851 1073 3913 iam
1095 3852 1214 3914 restite-

125 3967 193 4022 rant
216 3957 327 4041 (simile
350 3957 427 4042 qnid
447 3957 484 4020 de
501 3980 533 4020 se
549 3957 699 4041 gloriatur
714 3957 907 4037 Andocides,
928 3962 956 4022 1.
969 3963 1062 4045 106),
1079 3969 1166 4044 pater
1180 3962 1213 4026 in

126 4066 230 4131 Sicilia
253 4089 358 4131 caesus
382 4074 447 4130 erat
469 4068 496 4150 (b
520 4067 561 4128 21
572 4115 581 4144 ,
606 4068 682 4150 ειη),
707 4067 927 4150 contenditque
949 4068 1056 4132 fraude
1077 4068 1214 4135 Evandri

127 4177 241 4240 facturn
273 4175 356 4260 quod
387 4177 543 4253 δοκιμασία
575 4175 670 4240 dilata
693 4177 733 4240 sit
755 4183 819 4241 tam
842 4177 914 4255 diu,
940 4185 974 4240 ut
996 4177 1163 4256 iudicium,
1188 4180 1213 4242 si

129 4308 204 4370 opus
222 4288 277 4366 sit,
301 4288 334 4350 in
358 4294 494 4372 ternpore
510 4287 670 4350 convocari
686 4309 747 4350 non
763 4287 894 4371 amplius
911 4288 1018 4372 possit.
1043 4287 1126 4351 Huic
1143 4311 1213 4352 vero

130 4394 302 4459 difficultati
326 4396 369 4459 sic
392 4395 613 4460 occurrendum
638 4417 702 4459 esse
721 4404 828 4480 putat,
850 4404 885 4460 ut
904 4416 959 4483 pro
978 4395 1139 4484 Eponymo
1159 4399 1215 4461 Ar-

1057 4511 1096 4569 13
