2994 5234
836 448 898 509 180

313 654 429 733 μεῖζον,
460 652 603 731 οέμαρτεῖν
628 659 734 724 πιστῦς
757 654 889 731 οθκθχονς
914 658 944 715 et
968 651 1079 716 Aeseh.
1105 655 1163 738 Ag.
1190 660 1273 720 ool:
1299 660 1333 724 τί
1353 660 1405 740 γθιρ

215 814 223 830 .
312 763 428 839 γυναικί
458 763 559 827 τούτου
589 764 706 843 φέγγος
730 761 801 836 ηδιον
824 762 950 840 δρακεῖν,
973 764 1034 826 unt
1058 766 1215 843 στρατείας
1239 765 1334 848 ν’ίνδρα
1357 793 1405 832 σιν-

312 874 417 945 σοίντος
441 875 502 936 θεοῦ
526 873 625 943 πύλας
649 869 780 948 ἀνοῖξαι,
805 871 860 934 ubi
884 871 938 953 qui
961 893 1061 955 nuper
1085 872 1183 937 edidit
1206 877 1406 958 Agamemno

312 1005 383 1046 nem
407 982 588 1066 (Aeschylos
614 983 672 1065 Ag.
697 981 751 1045 Gr.
777 1004 808 1045 u.
834 980 972 1044 Deutsoh
997 1004 1058 1045 von
1082 982 1122 1048 K.
1140 983 1181 1047 H.
1198 984 1303 1062 Keek,
1323 984 1403 1069 Lips.
1483 1036 1485 1083 ἦ

316 1094 413 1175 1863)
437 1091 522 1155 dedit
544 1091 660 1168 οένοίξιος
685 1090 738 1154 sed
762 1091 880 1172 φέγγος
902 1094 976 1175 θνα,
998 1093 1145 1174 ροκύύκαι
1168 1101 1230 1171 est,
1252 1117 1317 1157 non
1335 1098 1403 1158 dieu
1484 1092 1485 1113 ³

314 1202 393 1266 Cum
416 1200 525 1286 Lysiae
549 1201 616 1265 loeo
640 1201 678 1264 of.
705 1204 734 1264 2.
763 1203 820 1266 73:
845 1202 876 1265 τί
898 1202 958 1282 γαρ
981 1200 1018 1266 θον
1038 1203 1146 1267 τούτων
1165 1204 1346 1283 οὶνιαρύτερον
1361 1202 1406 1280 γε’·

313 1337 398 1386 νοιτο,
431 1313 447 1386 ἢ
475 1321 568 1377 τεκεῖν
599 1313 653 1390 μέν
680 1312 730 1376 καί
763 1311 883 1391 θρέψαι,
907 1336 935 1377 κ.
960 1336 989 1377 τ.
1014 1314 1036 1377 έ.
1074 1315 1125 1376 10.
1151 1316 1211 1377 28:
1235 1315 1266 1378 τί
1286 1316 1350 1394 γοδρ
1373 1313 1404 1378 θον

313 1423 414 1487 τούτου
445 1422 623 1501 οίνιαρθτερον
654 1420 759 1497 γένοιτ’
792 1423 890 1501 αύτῷ,
924 1423 940 1496 ἢ
964 1422 1096 1486 τεθνάναι
1118 1423 1173 1499 μὲν
1197 1425 1251 1487 ὑπὸ
1274 1429 1332 1488 τῶν
1355 1426 1404 1503 ἐχ·

311 1534 396 1610 θριῦν,
420 1556 448 1596 κ.
472 1557 501 1597 τ.
526 1532 548 1597 έ.
595 1531 676 1594 Plat.
701 1530 778 1594 Orit.
803 1534 857 1594 44;
883 1530 936 1594 (λε
962 1532 1006 1602 τίς
1030 1530 1065 1596 θον
1090 1533 1215 1612 αἰσχίων
1227 1532 1277 1616 εἴη
1294 1535 1403 1606 ταύτης
1483 1536 1485 1601 J

312 1640 382 1716 δθξα
406 1642 422 1716 ἢ
446 1642 534 1704 δοκεῖν
561 1641 710 1720 χρήματα
737 1639 801 1719 περί
827 1642 955 1711 πλείονος
979 1643 1117 1705 ποιεῖσθαι
1143 1644 1159 1715 ἢ
1185 1643 1289 1723 φίλους
1296 1668 1306 1719 ;
1332 1643 1402 1706 Eur.

312 1749 433 1813 Hereol.
466 1752 546 1814 297:
575 1754 625 1815 οῦκ
655 1752 717 1815 έστι
743 1751 825 1814 τοῦδε
853 1750 937 1814 παισί
971 1750 1090 1816 κοίλλιον
1120 1752 1227 1832 γέρας,
1256 1752 1402 1832 ἢπατρῦς

312 1861 412 1924 ἐσθλοῦ
442 1861 575 1937 νιοέγαθοῦ
605 1860 779 1941 πεφυκέναι.
826 1859 979 1942 (Bremius
1010 1858 1048 1922 ed
1079 1859 1111 1923 h.
1136 1859 1156 1922 l.
1182 1868 1214 1924 et
1236 1861 1342 1925 Herm.
1367 1861 1402 1923 ud

311 1968 405 2052 Soph.
438 1970 511 2031 Ant.
540 1970 621 2033 1077
653 1969 690 2031 de
718 1969 775 2032 hae
798 1969 1029 2032 construetione
1052 1968 1181 2032 laudent
1205 1969 1348 2034 Faesium
1371 1971 1401 2033 in

314 2076 444 2142 Seebodi
474 2078 563 2142 Miso.
596 2076 673 2142 Orit.
698 2077 769 2142 Vol,
801 2078 853 2154 ΙΙ,
886 2086 972 2162 parte
1004 2076 1061 2141 IV.
1085 2101 1116 2162 P·
1144 2080 1218 2156 707,
1244 2101 1303 2162 quo
1327 2080 1401 2144 libro

313 2188 360 2250 uti
392 2187 468 2250 mihi
495 2209 557 2250 non
581 2186 692 2269 licuit).
739 2186 799 2250 Sed
823 2187 911 2250 nullo
936 2187 1003 2250 loeo
1026 2188 1114 2250 iuxta
1137 2189 1239 2272 posita
1261 2196 1332 2252 sunt
1355 2189 1402 2252 de-

313 2297 546 2360 monstrativum
579 2304 610 2360 et
641 2298 675 2372 ἤ,
708 2297 761 2360 sed
791 2297 907 2380 ubique
938 2296 1057 2372 τούτου,
1089 2297 1201 2372 ταύτης
1225 2306 1401 2383 praeparent

314 2409 402 2492 quasi
434 2407 565 2472 alterum
595 2407 767 2471 membrum
791 2408 1045 2500 comparationis,
1071 2407 1154 2492 quod
1178 2406 1296 2491 aliquot
1319 2430 1400 2470 voea-

312 2517 394 2581 bulis
417 2518 599 2581 intermissis
624 2517 748 2581 demum
772 2518 919 2600 sequitur.
961 2516 1029 2580 Hoo
1052 2516 1121 2580 loeo
1137 2519 1244 2582 τούτοιν
1260 2522 1325 2602 (pro
1341 2538 1399 2600 quo
1455 2553 1458 2561 ·

311 2633 469 2710 praeterea
493 2633 649 2710 exspectes
673 2624 787 2709 τούτου)
811 2625 952 2689 abundat
976 2633 1007 2688 et
1030 2625 1238 2690 omittendum
1261 2634 1313 2691 est.

356 2738 448 2823 §bb
495 2735 545 2799 uui
576 2737 607 2799 ού
637 2736 769 2815 πρότερον
792 2734 959 2799 ἐπαύσαντο
983 2737 1256 2818 (συκοφαντοῦντες)
1279 2733 1328 2806 έιος
1349 2736 1398 2807 την

312 2847 366 2921 μέν
389 2845 473 2909 πόλιν
495 2847 535 2916 εἰς
558 2845 677 2917 στοίσεις
701 2846 750 2908 καί
774 2847 829 2915 τας
853 2844 1003 2921 μεγίστας
1027 2846 1114 2926 (num
1136 2871 1184 2910 στ.
1208 2871 1237 2911 τ.
1261 2869 1295 2921 μ.
1316 2841 1393 2925 καίέ)

312 2956 466 3036 συμφορὰς
497 2955 697 3036 κατέστησαν,
730 2954 811 3018 αὐτοὶ
842 2954 923 3018 δ’ἐκ
947 2955 1075 3027 πενήτων
1103 2954 1232 3019 πλούσιοι
1256 2954 1393 3031 ἐγένοντο,

311 3066 393 3141 ὑμεῖς
417 3062 440 3126 δ’
463 3062 534 3128 οὕτω
558 3063 709 3137 διετέθητε.
757 3063 807 3126 Sic
836 3062 1112 3147 distinguendum,
1145 3072 1181 3126 ut
1205 3064 1296 3126 etium
1317 3062 1393 3136 ὑμεῖς

311 3173 334 3236 δ’
365 3170 437 3237 οὕτω
468 3173 609 3246 διετέθητε
641 3171 679 3236 ab
709 3170 760 3242 έονς
791 3172 948 3256 pendeant
955 3198 964 3249 3
989 3195 1052 3235 non
1076 3172 1158 3234 enim
1181 3169 1330 3254 quomodo
1350 3167 1394 3230 in·

310 3283 399 3346 terim
432 3282 531 3345 effecti
562 3282 694 3346 fuissent
724 3281 949 3358 Athenienses,
983 3282 1036 3345 sed
1068 3303 1130 3366 quo
1162 3281 1286 3344 tandem
1307 3296 1392 3361 opera

310 3392 440 3453 istorum
471 3390 587 3454 redacti
618 3397 737 3466 essent,
769 3390 802 3452 in
834 3389 1034 3472 sequentibus
1058 3388 1215 3453 describit.
1250 3389 1323 3458 Τοὺς
1343 3383 1390 3461 μὲν

311 3500 382 3582 (γοίρ
414 3500 483 3562 fort.
516 3498 601 3583 add.)
623 3498 793 3581 φεύγοντας
817 3497 1030 3574 κατεδέξασθε,
1054 3500 1122 3569 τοὺς
1146 3499 1171 3561 δ’
1195 3499 1315 3575 οὶτίμονς
1336 3495 1389 3556 ε’πι·

309 3610 411 3685 τίμονς
439 3607 610 3681 ἐποιήσατε,
642 3615 701 3679 τοῖς
728 3608 754 3671 δ’
777 3608 879 3680 ἄλλοις
913 3609 976 3689 περὶ
1008 3608 1137 3686 ὁμονοίας
1162 3607 1257 3688 ύρκοος
1281 3606 1387 3681 ύμνντε.

310 3719 424 3804 Agitur
446 3717 512 3794 his,
536 3723 572 3781 ut
586 3724 668 3780 reete
684 3717 876 3781 demonstret
892 3716 1128 3781 Rouehenstein.
1142 3765 1152 3795 ,
1169 3717 1208 3780 de
1224 3712 1388 3779 condicione
1482 3716 1483 3759 ι

309 3828 518 3903 Athenarum,
544 3826 643 3911 qualis
667 3828 786 3891 eratin
810 3826 989 3905 obsidione,
1015 3835 1085 3890 ante
1109 3826 1239 3910 triginta
1258 3824 1333 3887 viros
1351 3819 1386 3881 in·

308 3938 445 3999 stitutos.
489 3934 537 3998 Of.
568 3934 884 4000 xen.He11.Il.2.
912 3936 1078 4014 11‚And.
1105 3939 1134 3999 1.
1162 3938 1212 4001 73.
1256 3933 1301 3997 Eo
1322 3945 1387 3992 reue

309 4046 356 4111 dit
384 4044 490 4129 Lysias
522 4045 560 4108 eb
585 4045 649 4122 his,
675 4046 759 4130 quod
783 4046 903 4110 exsules
927 4046 1086 4109 restitutos
1110 4052 1177 4109 tum
1201 4045 1294 4119 dicit,
1316 4030 1385 4121 q¹10d

309 4154 479 4220 seeundum
503 4154 739 4240 Xenophontem
762 4156 807 4220 ΙΙ.
833 4159 862 4219 2.
881 4158 922 4218 23
940 4163 971 4220 et
987 4154 1211 4238 Andocidemt
1228 4156 1269 4216 80
1285 4152 1383 4214 factum

308 4266 431 4330 demum
466 4273 512 4330 est
547 4287 565 4328 u
595 4263 753 4349 Lysandro
760 4293 770 4345 ς
810 4266 863 4330 sed
895 4265 1053 4329 decretum
1088 4264 1214 4350 quidem
1250 4249 1383 4327 eiusmodi

308 4378 424 4443 fautum
453 4396 536 4450 esse,
561 4372 612 4436 oui
636 4376 800 4439 tamenab
824 4374 980 4440 exsulibus
1004 4373 1193 4460 (oligurohis)
1210 4394 1272 4437 uon
1287 4369 1382 4432 obtem·
