2994 5234
770 415 832 475 230

253 617 311 679 hoc
334 616 487 701 significat
507 620 608 678 orator
625 614 732 687 illum,
750 633 846 694 quum
862 618 950 672 antea
966 608 1044 671 nihil
1062 608 1268 692 possedisset,
1287 614 1355 669 tum

253 729 293 810 (ἐν
316 729 411 807 ἐκείνῳ
432 730 472 805 τῷ
496 724 599 806 χρόνῳ)
622 730 747 807 repente
773 721 815 784 ita
838 720 965 784 divitem
988 720 1120 796 factum,
1146 734 1183 783 ut
1205 718 1357 781 toleraret

252 837 384 901 libenter
413 837 599 920 impensam3
632 833 685 897 sed
717 840 748 896 et
779 832 909 910 πρότερον
945 839 976 893 ct
1007 832 1035 893 ἕν
1067 831 1161 908 ἐκείνῳ
1187 831 1227 909 τῷ
1254 830 1356 908 χρόνῳ

254 969 370 1032 pauper
397 956 461 1010 crat
488 946 539 1027 (cf.
568 944 730 1029 proxima).
767 941 893 1006 Mallem
926 940 1055 1004 alterurn
1087 946 1192 1002 utrum
1220 940 1356 1003 abesset.

254 1057 376 1122 Cestius
400 1064 446 1120 est
469 1078 523 1140 pro
547 1059 752 1136 ὀλοφυροῦνταιι
781 1052 946 1136 legendum
975 1074 1039 1114 esse
1062 1051 1266 1129 ὀλοφύρονται.
1316 1048 1358 1111 Et

254 1168 299 1232 sic
322 1167 472 1232 Dobreus.

298 1280 315 1362 ᾧ
339 1281 367 1342 5.
414 1280 438 1342 εἰ
468 1278 498 1341 δὲ
526 1278 634 1342 τούτων
653 1277 804 1356 μηδέτερον
832 1275 960 1357 ποιήσει,
984 1272 1148 1336 δέδοκται
1171 1267 1357 1349 καταψηφί-

254 1388 361 1469 ζεσθαι.
409 1386 653 1473 Improbandum
682 1386 834 1465 δεδόχθαι,
861 1408 944 1448 nunc
968 1385 1030 1447 fere
1054 1406 1091 1446 ex
1114 1383 1297 1446 coniectura
1313 1402 1358 1442 re-

254 1507 388 1582 ceptum.
435 1497 586 1581 Displicet
621 1497 702 1559 enim
742 1496 913 1558 infinitivus
948 1494 985 1557 ab
1018 1497 1147 1570 ἡγοῦμαι
1180 1512 1356 1575 suspensus

254 1614 325 1692 post
350 1606 480 1670 alterum
505 1606 692 1669 infinitivum
715 1606 875 1684 προςήκειν,
901 1612 932 1667 et
955 1603 1115 1689 sequentia
1138 1603 1198 1685 (aa)
1223 1604 1270 1679 μὴ
1295 1608 1356 1670 τοῖς

253 1718 307 1794 μὲν
337 1755 382 1765 -
410 1717 588 1797 ὀργίζεσθαι,
621 1722 680 1785 τοῖς
712 1715 741 1778 δὲ
771 1752 817 1762 -
844 1715 1021 1790 συγγνώμην
1046 1712 1136 1796 ἔχειν)
1162 1721 1293 1795 apparet
1318 1709 1356 1772 ad

252 1827 417 1891 irritandos
441 1825 559 1889 iudices
582 1825 665 1889 dicta
688 1847 771 1901 esse,
796 1846 859 1887 non
884 1823 922 1887 ad
946 1823 1155 1896 referendum,
1173 1821 1251 1905 qnid
1269 1818 1355 1904 apud

252 1936 368 2000 iudices
393 1942 582 2001 coustitutum
605 1937 664 1999 iam
685 1944 764 1999 esset
780 1935 948 2019 (δεδόχθαι).
985 1933 1072 1997 Vidit
1088 1931 1229 1995 Dobreus
1248 1952 1355 1993 neces·

254 2048 368 2111 sarium
392 2069 456 2110 esse
476 2047 594 2122 trauan
618 2046 665 2109 vel
686 2045 786 2109 simile
806 2045 890 2129 quid.
927 2044 1009 2108 Fort.
1035 2066 1090 2128 pro
1111 2042 1240 2107 δέδοκται
1256 2040 1350 2104 scrib.

254 2159 298 2221 δεῖ
319 2161 408 2222 αὐτοῦ
433 2159 674 2240 (canonum,
700 2157 934 2238 susurros).

629 2389 717 2430 xxxi.
748 2395 824 2432 ΚΑΤΑ
837 2393 973 2433 ΦΙΛΩΝΟΣ.

300 2577 400 2641 Causa
423 2578 496 2640 satis
521 2584 567 2640 est
590 2577 763 2661 perspicua.
800 2577 838 2640 In
858 2578 1011 2660 δοκιμασίᾳ
1027 2576 1227 2653 Senatorum,
1244 2576 1354 2640 habits

255 2690 287 2751 in
319 2694 445 2762 senatu,
478 2687 569 2750 Philo
593 2687 800 2751 Acharnensis
825 2689 905 2774 (αἲξ
932 2691 983 2772 lb)
1009 2690 1063 2774 qui
1088 2712 1106 2751 a
1129 2688 1258 2773 triginta
1283 2688 1355 2750 viris

255 2798 378 2861 civitate
413 2798 527 2860 eiectus
564 2797 724 2881 aliquanto
756 2799 879 2862 demum
911 2808 982 2883 post
1013 2799 1160 2885 populare
1191 2799 1355 2883 imperinm

256 2906 434 2972 rtstitntum
468 2908 606 2971 Athenas
637 2908 786 2985 redierat,
817 2918 978 2973 accusatur
998 2909 1177 2974 aScnatore
1200 2910 1353 2995 quodam,

258 3019 341 3104 quod
364 3042 427 3082 non
450 3028 572 3082 tantum
595 3019 809 3084 Piraeensibus
834 3043 922 3106 opem
946 3044 1009 3085 uon
1032 3021 1173 3099 tulisset,
1191 3021 1243 3084 sed
1262 3021 1354 3085 etiam

259 3128 355 3214 Oropi
371 3133 393 3214 Ι)
414 3138 562 3216 tanquam
586 3132 755 3215 inquilinus
780 3132 922 3197 habitans
946 3133 1087 3218 praedam
1109 3157 1146 3197 ex
1161 3154 1234 3217 agro
1249 3132 1355 3195 Attico

259 3241 379 3324 egisset.

304 3347 430 3426 Forma,
456 3354 693 3435 compositione,
719 3357 984 3437 argumentatione
1008 3356 1105 3419 oratio
1132 3357 1223 3419 refert
1242 3354 1354 3439 Lysiae

259 3460 427 3543 ingenium.
474 3461 612 3526 Brevitas
638 3466 728 3547 (quae
752 3474 868 3555 quanta
891 3466 932 3528 sit
956 3466 1114 3550 apparebit
1137 3466 1268 3529 maxime
1296 3463 1354 3528 ccl·

259 3569 321 3631 lata
344 3568 479 3654 Lycurgi
502 3571 680 3648 Leocratea,
707 3597 784 3656 quae
808 3575 839 3637 in
865 3575 957 3638 simili
978 3598 1069 3639 causa
1089 3576 1171 3639 dieta
1186 3578 1243 3659 est)
1260 3598 1280 3638 a
1296 3574 1353 3658 Ly·

260 3682 305 3743 sia
335 3703 397 3744 non
430 3682 590 3759 abhorret,
623 3706 678 3747 nec
710 3685 821 3748 mirum
846 3686 981 3749 accidere
1006 3694 1108 3770 potest
1130 3688 1288 3771 reputanti
1305 3685 1352 3769 agi

260 3800 383 3855 tantum
403 3793 440 3855 de
460 3794 656 3876 probatione,
678 3818 739 3858 non
760 3796 969 3878 quaestionem
990 3797 1149 3881 capitalem
1172 3820 1244 3860 esse.
1279 3796 1353 3860 Loci

261 3922 438 3966 communes
470 3912 541 3966 sunt
573 3906 589 3987 h
614 3907 632 3965 6
657 3914 687 3967 et
717 3907 771 3981 ll3
797 3905 892 3968 malos
917 3907 997 3969 enim
1022 3907 1102 3970 cives
1126 3930 1204 3984 csse,
1233 3909 1288 3990 qui
1311 3906 1352 3969 di·

298 4123 322 4179 1)
340 4123 435 4187 Oropus
452 4123 558 4171 subiecta
576 4134 644 4172 antea
663 4125 739 4173 luerat
756 4124 873 4182 Athenis,
892 4124 943 4172 iuro
961 4124 1082 4173 sociorum
1101 4140 1154 4182 usa,
1172 4125 1203 4173 ef.
1221 4125 1297 4173 Thuc.
1315 4124 1350 4172 Il.

260 4211 291 4260 23
309 4212 400 4270 ὑπήκοοι
417 4212 472 4260 coll.
491 4212 533 4259 VI.
554 4212 598 4270 69,
616 4211 650 4259 ΙΙ.
670 4212 731 4270 10],
750 4212 780 4260 al.
798 4212 847 4260 Sub
865 4212 964 4276 triginta
984 4213 1040 4261 viris
1057 4217 1082 4260 et
1099 4217 1154 4277 post
1165 4212 1201 4260 sui
1214 4212 1273 4260 iuris
1285 4216 1350 4268 erat,

260 4300 335 4348 donce
360 4300 455 4349 interna
481 4299 598 4348 discordia
622 4300 722 4349 alteram
746 4315 774 4347 cx
797 4299 940 4348 factionibus
958 4316 978 4348 a.
996 4300 1046 4348 402
1064 4301 1092 4347 sd
1111 4299 1236 4348 Thebanos
1254 4314 1349 4365 eompu-

261 4385 299 4435 lit.
333 4387 370 4436 Ol.
392 4388 461 4437 Diod.
481 4387 546 4437 xlv.
566 4386 605 4438 17.
