2994 5234
580 480 585 486 '
633 475 695 534 201

125 672 276 755 latimque
296 672 404 755 populi
419 676 602 754 potestatem
624 670 808 733 subvertore.
855 668 961 732 Eactio
985 668 1141 750 quaedam
1164 669 1223 751 sig·

123 782 270 844 nificatur
293 787 448 843 oratorum
471 780 627 844 venalium
650 787 681 844 et
700 787 764 843 arte
779 779 968 863 potentium,
986 779 1040 863 qui
1062 780 1223 862 magnifice

123 892 306 975 promittere
336 891 476 954 solebant
499 913 530 954 se
553 891 747 975 potissimum
770 889 814 952 rei
836 889 977 973 publicae
1000 896 1222 972 prospecturus

129 1003 157 1085 (q
190 1003 241 1084 3),
269 1007 306 1063 ut
327 1001 388 1085 ipsi
410 1001 496 1064 lucra
519 1008 550 1064 et
573 1000 778 1064 emolumenta
801 1000 859 1062 sibi
884 1000 1082 1063 vindicarent.
1133 996 1223 1069 Nihil

47 1091 48 1094 Ἴ
125 1117 173 1172 est
199 1110 233 1172 in
256 1115 322 1172 tota
345 1109 483 1172 oratione
506 1114 575 1192 post
599 1108 762 1172 sectionem
786 1109 915 1192 primam
938 1108 1021 1192 quod
1045 1108 1083 1171 ad
1100 1129 1223 1172 causam

125 1244 207 1306 quae
234 1243 318 1285 nunc
342 1222 455 1306 agitur,
482 1222 666 1305 legationem
689 1221 768 1284 male
791 1227 926 1304 gestam,
950 1221 1040 1285 unice
1063 1221 1222 1297 reseratur,

124 1332 180 1395 sed
217 1331 468 1415 perstringuntur
500 1331 657 1415 Epicrates
693 1331 820 1415 eiusque
855 1334 1041 1414 defensores,
1074 1336 1222 1414 tanquam

123 1445 205 1505 moti
225 1444 395 1524 dcmnpnpt,
419 1440 532 1525 quibus
556 1463 723 1525 numquam
738 1441 830 1504 fidem
845 1440 956 1504 habere
972 1447 1110 1524 oporteat
1116 1466 1125 1517 3
1143 1439 1221 1503 male

124 1557 232 1635 gestae
248 1550 410 1633 legationis
423 1550 654 1635 opportunitate
666 1550 767 1614 utitur
779 1557 881 1614 orator
893 1556 929 1613 ut
940 1556 1041 1612 totum
1054 1550 1112 1613 hoc
1124 1572 1221 1633 genus

127 1660 371 1743 demagogorum
391 1660 596 1743 perstringat,
621 1660 659 1724 ab
683 1682 780 1744 eoque
803 1668 950 1745 tanquam
974 1661 1058 1723 fonte
1081 1660 1222 1724 miseram

126 1769 262 1832 civitatis
279 1769 489 1832 condicionem
505 1775 633 1854 repetat.
664 1769 766 1854 Igitur
786 1792 863 1853 quae
886 1771 902 1853 q
928 1773 943 1832 1
967 1775 1039 1833 sunt
1053 1768 1160 1832 τούτων
1175 1782 1222 1831 λε-

126 1879 239 1953 γόντων
261 1878 419 1941 referenda
442 1878 481 1941 ad
505 1879 678 1942 defensores
701 1879 853 1962 Epicratis
869 1885 898 1941 et
915 1878 1088 1963 Epicratem
1103 1878 1221 1960 ipsum,

128 1994 281 2071 tanquam
304 1988 400 2051 malos
424 1988 624 2071 demagogos,
649 1988 691 2050 sic
715 1989 807 2052 etiam
829 1988 862 2051 in
885 1988 1031 2071 proximis
1053 1984 1127 2051 odra
1151 1987 1179 2069 (q
1202 1987 1221 2047 2

128 2105 159 2160 et
180 2101 201 2160 3
222 2097 302 2180 init.)
311 2123 320 2174 ;
344 2097 381 2161 de
405 2097 513 2161 iisdem
529 2097 571 2160 ib.
589 2097 638 2162 acl
654 2101 685 2161 οὐ
702 2102 749 2160 νῦν
764 2103 873 2177 πρῶτον
888 2097 1025 2176 &ditarat
1040 2096 1220 2178 ἀδικοῦντες,

126 2206 183 2270 ubi
211 2206 372 2290 coniungit
393 2206 567 2291 Epicratem
592 2213 622 2270 et
645 2206 807 2270 factionem
832 2207 914 2283 aius,
945 2228 1023 2291 quae
1046 2204 1222 2269 defensione

125 2322 157 2379 et
180 2316 401 2379 maleficiorum
425 2316 629 2379 similitudine
652 2317 684 2378 in
707 2322 825 2400 partem
841 2315 949 2399 culpae
964 2314 1076 2378 veniat.
1101 2312 1222 2376 Horum

124 2448 220 2510 opera
250 2425 365 2488 factum
388 2431 466 2501 erat,
496 2425 586 2488 utin
611 2424 718 2515 eadem
742 2447 833 2489 cansa
856 2425 930 2488 olim
954 2423 1156 2487 Athenienses
1180 2421 1221 2487 al·

127 2542 232 2599 terum
263 2533 416 2618 quendam
446 2534 511 2617 (qui
541 2534 620 2597 miro
648 2535 772 2598 nomine
795 2533 1013 2611 Ὀνομάσαντος
1037 2533 1221 2617 appellatur)

12 2698 14 2721 ,
129 2645 346 2719 damnassent,
370 2642 572 2706 absolvissent
594 2642 785 2727 Epicrateffl,
810 2643 949 2726 quamvis
965 2642 997 2706 in
1013 2643 1114 2726 aprico
1131 2642 1223 2726 culpa

12 2764 14 2805 ῑ
130 2760 228 2829 esset,
261 2773 356 2836 quum
388 2757 481 2814 testes
512 2751 670 2835 prodirent
696 2753 720 2815 ii
743 2752 818 2835 ipsi,
844 2752 898 2835 qui
921 2751 1001 2814 dona
1025 2750 1223 2816 obtulisssent

12 2926 13 2939 ,
131 2866 241 2946 (quos,
272 2867 309 2923 ut
338 2860 474 2945 Epicrati
505 2859 733 2939 insidiarentur,
762 2861 820 2925 hoc
843 2862 949 2926 fecisse
972 2859 1129 2945 probabile
1154 2865 1221 2945 est).

12 2942 14 3037 l
130 2970 224 3035 Unus
251 2977 318 3033 tum
341 2976 499 3033 accusator·
521 2971 582 3065 (τοῦ
605 2972 695 3035 αὐτοῦ
718 2969 814 3050 ἀνδρός
837 2973 855 3055 q
877 2973 908 3055 4)
932 2992 1038 3035 omnes
1062 2967 1222 3055 (ἄνοντος)

12 3128 13 3137 1
128 3081 162 3144 in
198 3081 247 3143 ins
283 3086 458 3156 vocaverat,
490 3079 634 3142 nimirum
666 3078 839 3163 Epicratem
871 3086 901 3143 et
929 3081 1110 3162 omnesqui
1134 3081 1223 3163 quasi

12 3262 13 3267 η
130 3211 325 3252 communem
346 3210 416 3252 cum
440 3210 475 3252 eo
499 3211 620 3252 causam
643 3189 812 3266 faciebant,
836 3211 899 3252 non
922 3210 1045 3266 omnes,
1070 3190 1124 3273 qui
1139 3211 1222 3253 nnnc

130 3305 332 3377 accusantur,
356 3299 472 3383 legatos
479 3348 489 3377 ,
510 3322 640 3385 qnorum
656 3322 747 3363 causa
761 3321 824 3363 non
840 3301 942 3384 potuit
957 3300 1004 3363 bis
1020 3301 1052 3363 in
1068 3300 1219 3363 iudicium

130 3407 252 3470 deferri.
299 3408 338 3472 In
362 3408 483 3472 eosdem
506 3408 691 3493 demagogos
713 3409 878 3487 invehitur,
903 3432 999 3494 quum
1019 3409 1095 3472 dicit
1111 3409 1221 3492 dignos

12 3546 13 3559 ¹
131 3539 195 3580 esse
227 3518 282 3601 qui
312 3518 403 3580 etiam
430 3518 545 3582 indicta
568 3541 659 3582 causa
682 3518 867 3584 damnentur
890 3522 917 3604 (q
941 3521 983 3601 8).
1018 3518 1116 3581 Iidem
1139 3521 1156 3602 q
1181 3520 1220 3580 12

12 3664 13 3669 1
131 3634 161 3689 et
193 3650 239 3711 sq.
272 3627 462 3710 deprecaturi
493 3649 549 3711 pro
579 3629 639 3692 reis
668 3651 732 3692 esse
755 3628 914 3705 dicuntum
940 3628 990 3705 hi,
1014 3628 1116 3710 inquit
1138 3629 1155 3710 q
1181 3628 1219 3689 13

131 3745 226 3813 extr,
270 3759 332 3800 non
363 3738 491 3821 gratiam
522 3744 676 3801 merentur
706 3744 837 3801 vestram
866 3738 918 3800 sed
948 3759 1094 3820 poenam,
1124 3757 1220 3819 quum

130 3868 184 3908 vos
208 3847 348 3930 poteritis
373 3847 493 3928 (ὁπότοον
514 3849 596 3922 ὑμεῖς
620 3846 746 3930 δύνησθε)
769 3846 790 3909 i.
815 3868 840 3910 e.
865 3868 962 3929 quum
977 3846 1036 3930 ipsi
1052 3843 1217 3930 aliqnando

132 3957 367 4020 accusabuntur.
398 3957 427 4020 Ii
451 3963 519 4021 tum
538 3958 667 4020 fortasse
691 3957 818 4020 anobis
842 3956 1069 4021 accusatoribus
1093 3955 1223 4039 pecunia

132 4068 235 4132 oblata
259 4075 380 4153 petent,
406 4079 442 4134 ut
465 4071 503 4134 ab
527 4071 719 4136 accusatione
743 4071 940 4148 desistamns;
958 4070 1011 4134 sed
1027 4069 1221 4153 quemadmo-

133 4177 207 4242 dum
230 4179 344 4242 lrustra
367 4201 384 4241 a
407 4180 495 4243 nobis
519 4180 577 4243 hoc
600 4187 724 4264 petent,
749 4182 793 4243 sic
816 4202 869 4244 vos
893 4202 1014 4264 quoque
1038 4185 1069 4242 et
1090 4185 1157 4241 tum
1179 4200 1223 4241 se·

134 4308 219 4350 veros
251 4309 302 4349 vos
335 4296 518 4371 praestatote
542 4296 572 4352 et
595 4290 813 4367 inexorabiles,
837 4297 868 4353 et
891 4312 973 4353 nunc
996 4288 1169 4373 Epicratem
1191 4293 1222 4351 et

134 4394 252 4459 sodales
276 4394 369 4481 digna
391 4419 489 4481 poena
512 4397 633 4462 afficite.
