2994 5234
815 434 877 495 174

297 624 489 709 probandum
512 626 553 687 sit
575 626 723 709 (requiras
746 633 899 710 praeterea
925 630 1055 706 ἡγοῦμαι
1080 631 1160 703 ἐμοὶ
1185 634 1297 714 τενμ.);
1318 637 1372 692 tum

297 735 381 820 quod
402 756 455 818 per
477 733 519 798 ὅτι
540 737 713 799 annectitur
735 758 798 800 non
823 736 905 800 illud
929 737 1014 821 quod
1033 760 1088 822 per
1103 739 1319 805 documentum
1331 740 1373 802 ali·

296 843 380 928 quod
391 843 616 908 demonstratur
631 843 685 907 sed
700 845 920 909 documentum
934 847 1037 930 ipsum
1042 874 1052 924 3
1070 847 1202 933 denique
1215 849 1297 934 quod
1309 850 1373 928 είπερ

296 962 402 1019 contra
425 953 581 1038 vulgarem
606 976 697 1021 usum
719 977 775 1040 pro
798 954 826 1020 εί
847 956 982 1040 ponitur.
1020 956 1128 1021 Altero
1144 957 1211 1022 loco
1227 959 1308 1043 quod
1322 959 1375 1022 dixi

295 1064 496 1129 illustrabunt
527 1065 602 1129 haec
633 1064 782 1149 exempla.
814 1064 912 1129 Thuc.
945 1065 1008 1129 ΠΙ.
1034 1069 1093 1130 66:
1126 1070 1275 1147 τεκμήριον
1297 1071 1330 1139 ῦς
1350 1070 1374 1131 οὐ

295 1173 441 1251 πολεμίως
466 1172 656 1253 ε’πριίοοομεν·
680 1174 747 1238 οῦτε
769 1174 829 1254 γοίρ
852 1211 907 1240 -.
929 1174 1010 1238 Plat.
1035 1174 1117 1239 Orat.
1139 1177 1215 1240 436.
1237 1177 1278 1240 O:
1303 1177 1376 1255 μέγι·

296 1306 362 1347 οτον
394 1283 423 1347 δέ
453 1305 496 1347 τοι
527 1282 601 1348 ἔστω
629 1285 798 1362 τεκμήριον,
822 1281 865 1347 ῦτι
888 1285 939 1347 οῦκ
962 1283 1116 1364 ἔσφαλται
1139 1294 1192 1359 τῆς
1214 1287 1376 1361 οἶληίείαςί

295 1393 447 1467 τιθέμενος·
480 1396 510 1461 οὐ
541 1393 601 1473 γοίρ
624 1430 678 1459 -.
711 1392 777 1456 urit
811 1395 862 1457 52.
895 1393 939 1455 B:
971 1394 1097 1470 μεγοίλα
1120 1398 1189 1472 ημῖν
1211 1398 1316 1460 τούτων
1336 1420 1376 1460 τε·

296 1502 402 1581 νμήριοί
433 1505 528 1586 ἐστιν,
556 1499 599 1567 ὅτι
622 1528 664 1568 τοι
689 1503 737 1567 καί
761 1506 845 1579 ἡμεῖς
869 1503 1022 1584 iudanoma
1045 1506 1094 1569 καί
1119 1506 1250 1580 ἡπόλις
1274 1506 1376 1584 οὐγὰρ

294 1610 331 1677 οῦν
353 1650 407 1676 -.
439 1613 518 1677 Xen.
550 1615 610 1677 An.
638 1613 665 1679 I.
691 1616 721 1676 9.
747 1616 805 1677 30:
834 1614 921 1692 μέγα
943 1614 973 1679 δὲ
995 1616 1147 1693 τεκμήριον
1167 1616 1217 1680 καί
1240 1616 1274 1680 τὸ
1295 1618 1376 1694 ε’ντῦ

294 1733 420 1803 τελευτῇ
444 1727 494 1786 τοῦ
516 1723 581 1799 βίου
605 1724 684 1803 αὐτῷ
707 1722 876 1799 γενίμενον,
900 1723 943 1787 ῦτι
966 1724 1016 1787 καί
1041 1724 1129 1796 αὐτὸς
1151 1720 1184 1796 ἦν
1201 1725 1320 1802 αγαίίς.
1342 1723 1377 1787 ut
1415 1746 1418 1753 ¹

294 1833 337 1895 sic
367 1832 542 1915 saepissime
553 1857 561 1907 3
594 1840 631 1895 ut
662 1831 743 1895 illud
773 1832 855 1917 quod
889 1833 1159 1898 demonstrandum
1192 1836 1233 1898 sit
1262 1858 1314 1919 per
1341 1832 1377 1897 ίτι

293 1941 475 2006 enuncietuu
502 1948 645 2004 constans
667 1963 764 2027 paene
787 1963 893 2006 norma
918 1951 982 2020 est,
1007 1965 1025 2005 a
1047 1964 1110 2026 que
1131 1965 1199 2007 raro
1223 1943 1377 2007 admodum

291 2050 461 2128 receditu13
489 2058 594 2115 contra
621 2053 775 2136 ingentem
805 2074 976 2116 numerum
998 2051 1154 2130 locorum,
1177 2052 1233 2117 ubi
1255 2054 1311 2117 hoc
1332 2052 1377 2115 ou

293 2170 447 2239 seruatur,
472 2163 545 2226 haec
568 2169 690 2227 tantum
710 2163 913 2227 animadverti
928 2164 1095 2227 contraria:
1113 2163 1192 2227 Xen.
1210 2162 1294 2226 Heus
1306 2160 1371 2224 VII.

297 2274 327 2334 1.
352 2274 411 2334 23:
435 2271 485 2335 καί
509 2274 733 2350 οίλκιμυτνῖτους
757 2274 782 2336 δ’
805 2274 912 2345 αὐτοὺς
935 2276 1013 2356 (τοὺς
1031 2273 1188 2358 Ἀριιοίδας)
1203 2275 1374 2352 οίπεδείκννε,

294 2384 437 2461 τεκμήρια
456 2384 656 2462 παρεχόμενος
679 2386 715 2455 ῦς
739 2384 890 2462 ἐπικούρων
914 2383 1001 2448 ὂπίτε
1024 2383 1143 2457 δεηίείέν
1161 2407 1251 2458 τινες,
1270 2382 1374 2450 οὐδένας

295 2491 402 2574 ᾑροῦντ’
433 2492 499 2558 ἀντ’
522 2493 677 2573 Ἀρκοίδιον.
721 2493 800 2557 Plat.
833 2491 917 2556 urat.
943 2493 1018 2556 398.
1042 2493 1088 2556 A:
1112 2493 1262 2572 τεκμήριον
1282 2490 1311 2554 δέ
1331 2488 1376 2566 μοί

293 2605 355 2668 ε’ττι
379 2605 437 2686 (τὸν
461 2603 586 2668 Ἡσίοδον
609 2604 763 2680 λέγειντί
785 2606 910 2683 χρυσοῦν
933 2603 1015 2678 γένος
1038 2604 1088 2667 οῦκ
1111 2604 1144 2666 ἐν
1160 2608 1270 2682 χρυσοῦ
1288 2607 1374 2681 πεφυ-

293 2713 353 2797 ιιίς)
376 2713 419 2778 ὅτι
442 2714 491 2778 καί
516 2718 596 2791 η’μοῦς
619 2726 693 2795 φησι
716 2715 842 2794 σιδηροῦν
866 2708 938 2777 εἶναι
962 2713 1055 2790 γένος.
1078 2750 1123 2761 -
1146 2711 1285 2795 Denique
1303 2708 1374 2785 είπερ

293 2823 352 2886 hoc
383 2823 451 2887 loco
481 2825 606 2908 ponitur
636 2844 692 2908 pro
721 2825 745 2887 εί
757 2872 766 2900 ,
791 2822 876 2906 quod
899 2822 1121 2905 significatione
1144 2820 1295 2884 diversum
1317 2824 1373 2893 est;

293 2933 379 3017 prius
411 2934 491 2997 euim
522 2943 629 3019 aptum
661 2941 707 2998 est
738 2934 792 2997 nbi
817 2932 956 2996 condicio
979 2954 1042 2996 non
1066 2932 1157 3017 plane
1178 2932 1291 2995 incerta
1314 2934 1371 3003 est,

293 3043 346 3107 sed
377 3043 529 3107 dubitatio
560 3044 619 3106 iam
652 3043 847 3126 aliquatenus
878 3042 1013 3126 praecisa
1042 3041 1126 3123 quod
1154 3062 1218 3104 rem
1241 3045 1292 3102 ant
1314 3057 1373 3098 esse

292 3161 347 3216 aut
376 3175 439 3216 non
470 3174 534 3216 essa
566 3151 795 3217 subindicatur:
820 3157 851 3215 ον’
872 3154 972 3228 mode,
997 3156 1029 3213 si
1050 3153 1180 3234 quidem,
1204 3155 1235 3214 si
1254 3150 1371 3212 τοίνυν

292 3268 390 3341 xima,
412 3267 513 3345 atique
535 3267 572 3325 ai.
607 3260 749 3324 Fortasse
773 3268 845 3344 post
867 3258 910 3325 ὅτι
934 3258 1051 3344 aliquid
1074 3259 1188 3323 excidit
1207 3266 1238 3322 at
1256 3255 1372 3339 aLysia

293 3373 440 3456 scriptum
474 3373 550 3435 fuit:
586 3371 670 3449 μέγα
704 3371 758 3447 μὲν
793 3368 839 3435 οῦν
874 3371 1023 3448 τεκμήριον
1054 3366 1096 3433 ῦτι
1122 3371 1184 3432 οὐκ
1211 3367 1326 3431 οίδιιιῦ·
1348 3365 1369 3427 εί

291 3480 379 3559 γοίρ,
402 3505 429 3545 κ.
454 3505 483 3546 τ.
507 3482 530 3546 ἑ.

336 3594 353 3674 d
377 3592 405 3655 7.
452 3590 631 3670 Πειραίουμαι
662 3589 741 3665 ὑμοῦς
771 3585 901 3670 διδοίξαι,
933 3584 979 3658 οὓς
1010 3590 1140 3663 ἡγοῦμαι
1171 3591 1226 3650 τῦν
1256 3588 1368 3648 πολιτῦν

291 3701 435 3780 προςήκειν
466 3700 644 3778 ὀλιγαρχίας
675 3699 822 3772 ἐπιθυμεῖν
853 3696 904 3761 καί
935 3697 1140 3776 δημοκρατίας.
1187 3695 1298 3758 Mirum
1327 3697 1368 3754 est

290 3808 441 3873 nemiuem
474 3816 593 3891 praeter
623 3807 862 3871 Heruerdenum
893 3804 1056 3869 offendisse
1086 3805 1119 3868 in
1143 3825 1197 3882 eo,
1222 3800 1300 3886 quod
1322 3801 1367 3863 vix

290 3918 415 4001 impune
438 3917 524 4001 pueri
544 3917 681 3979 nesciant
700 3938 717 3979 a
733 3915 853 3999 vulgari
867 3936 927 3978 usu
946 3915 1101 3990 recedere,
1118 3913 1244 3977 relativo
1258 3908 1301 3981 οῦς
1316 3931 1365 3994 pro

290 4025 508 4107 interrogativo
539 4027 648 4108 posito.
689 4022 877 4089 Huiusmodi
907 4025 1045 4110 exempla
1074 4044 1137 4086 nou
1159 4028 1232 4086 sunt
1252 4021 1292 4083 ita
1313 4019 1364 4082 fre·

290 4136 432 4219 quentia,
457 4143 492 4200 ut
514 4157 576 4200 rem
601 4137 693 4199 tacito
714 4142 876 4220 praeterire
893 4134 992 4199 liceat.
1018 4132 1096 4197 Xen.
1113 4131 1196 4196 Heu.
1213 4129 1271 4194 ΙΙΙ.
1283 4130 1312 4191 a.
1330 4131 1360 4190 9:

289 4246 302 4309 ν’
334 4245 512 4325 Δερκυλίδας
534 4247 585 4308 οὐκ
606 4240 686 4309 εἶπεν
708 4240 826 4324 ἣνέχοι
849 4246 977 4321 γνώμην.
1019 4243 1116 4307 Thnc.
1140 4241 1232 4305 VIII.
1255 4240 1303 4301 50.
1327 4243 1360 4300 b:
1476 4230 1478 4287 i

289 4356 411 4436 γροίψας
435 4356 498 4419 καί
520 4353 634 4419 ἕκαστα
657 4356 828 4435 α’πειχίττου
851 4356 935 4430 οῦοης
952 4355 1073 4434 Σοίμου,
1093 4349 1167 4434 ᾧᾶν
1184 4351 1274 4432 τρίπιρ
1287 4347 1360 4412 αὐτοὶ

1476 4440 1478 4473 ί

1476 4482 1478 4503 ι
