2958 5238
784 500 852 562 ‘104

322 706 413 789 Alb.
459 701 509 767 uui
546 697 631 780 ἕτερον
671 700 725 777 μὲν
758 700 938 765 οὐδεπώποτε
976 696 1217 773 ὅπλνπεύσοονπες,
1254 698 1360 765 ἱππεύ-

279 838 385 885 οοονπες
414 812 444 878 δὲ
471 812 527 897 (sic
548 832 631 875 nuno
655 810 792 895 plerique
816 809 969 874 editorum
992 832 1030 874 en
1051 809 1149 875 Palat.
1173 807 1262 876 ἵππον
1284 809 1361 885 ὄντες

276 925 324 1001 δέ,
353 946 408 1010 pro
432 943 494 1008 quo
517 920 542 986 Ο
566 943 602 985 ex
625 921 829 999 correctione,
853 927 888 985 nt
911 921 1047 985 videtur:
1071 920 1193 1005 ἔφιππον
1216 920 1245 987 δὲ
1267 919 1360 998 ὄντες,

275 1035 336 1100 nisi
358 1034 403 1100 ibi
424 1033 539 1119 legitur
561 1030 612 1115 ἐφ’
634 1028 723 1097 ἵππον
745 1032 774 1096 a
796 1030 885 1117 ὄντες)
908 1030 968 1097 acl
992 1032 1041 1097 τὸν
1062 1028 1154 1097 ἄλλον
1175 1030 1278 1112 χρόνον
1301 1031 1361 1098 uui

275 1145 376 1212 πολλοὶ
398 1143 479 1210 κοινοὶ
500 1143 567 1215 τοὺς
590 1142 745 1220 πολεμίους
768 1139 967 1217 πεποιηκότες.
1013 1139 1175 1205 Scheibius
1197 1163 1270 1206 cum
1293 1141 1361 1206 aliis

275 1256 350 1321 huic
378 1255 447 1320 loco
477 1253 617 1317 medetur
647 1253 760 1317 omisso
788 1252 840 1317 κονί
868 1258 939 1316 ante
961 1254 1010 1319 τὸν
1033 1250 1124 1317 ἄλλον
1146 1250 1257 1333 χρόνον.
1303 1251 1361 1316 Sed

277 1368 406 1432 alterum
438 1365 491 1432 κονί
520 1365 623 1450 potius
654 1364 731 1428 mihi
760 1371 938 1450 suspectum
969 1371 1025 1428 est.
1071 1363 1213 1428 Fortasse
1237 1364 1289 1430 κον)
1315 1364 1362 1430 τὸν

275 1476 367 1544 ἄλλον
397 1475 497 1558 χρόνον
527 1474 629 1539 πολλοὶ
655 1475 704 1539 aui
728 1476 807 1540 saxol
830 1476 896 1547 ποὺς
918 1474 1074 1552 πολεμίους
1096 1474 1296 1551 πεποιηκότες,
1319 1511 1363 1524 -

114 1570 117 1576 Ι
173 1675 176 1679 1
274 1587 463 1666 Ἀνοοβονίνενν
485 1585 532 1650 ἐπὶ
556 1584 637 1657 ποὺς
656 1582 759 1657 ἵππους
779 1583 896 1670 (addito
913 1585 1069 1670 articulo),
1086 1584 1170 1670 quod
1184 1585 1279 1669 paulo
1294 1570 1378 1671 post'

274 1699 399 1784 legitur,
424 1694 587 1779 aliquoties
610 1695 703 1759 etiam
725 1694 759 1760 in
774 1717 818 1761 or.
836 1698 894 1775 24,
910 1695 1028 1782 velutb
1045 1698 1085 1760 ll
1094 1744 1104 1775 ,
1121 1696 1225 1782 posuit
1239 1695 1362 1782 Lysias,

274 1816 306 1874 et
330 1810 382 1872 16.
408 1808 448 1871 13
473 1813 505 1869 et
527 1804 703 1870 Andocides
729 1809 757 1872 l.
782 1809 836 1871 44.
881 1860 885 1869 .

319 1920 337 2005 p
359 1918 412 1982 25.
459 1911 554 1989 Οὗτος
576 1916 636 1997 γὰρ
659 1924 730 1989 ποοῑς
753 1919 807 1996 μὲν
829 1917 865 1983 ὢν
887 1920 958 1998 παρ’
975 1918 1149 1999 Ἀρχεδήμῳ
1168 1919 1208 1999 τῷ
1227 1914 1363 1996 paduam
1390 1922 1392 1925 ’

275 2034 392 2096 πολλῶν
421 2025 543 2109 trecea
577 2025 655 2092 ἕπννε
684 2027 737 2103 μὲν
765 2027 819 2093 ὑπὸ
849 2028 890 2110 aqi
919 2030 1105 2104 οιύπομοοπν
1135 2026 1363 2106 ausculanae,

276 2139 410 2221 ἔνώμοιζε
439 2137 469 2203 δὲ
498 2137 562 2216 μεθ’
592 2137 710 2220 ἡμέοον.
756 2122 920 2224 Ingeniose
950 2139 1102 2225 Bergkius
1132 2161 1188 2226 pro
1215 2141 1363 2226 οὖπομονπν

278 2251 408 2318 coniecit
437 2249 600 2329 οὲεπώμονπι.
646 2249 756 2336 Neque
785 2251 937 2316 offendere
960 2251 1068 2330 debet,
1093 2251 1177 2336 quod
1198 2250 1364 2328 οὶεπώμοοπον

275 2363 369 2448 vulgo
399 2359 603 2446 templorum,
633 2380 695 2424 non
717 2361 904 2446 privatarum
927 2361 1075 2426 domuum
1099 2370 1201 2441 erant,
1225 2384 1300 2426 nam
1322 2361 1365 2426 ita
1469 2360 1470 2363 ’

276 2474 352 2540 haec
367 2470 539 2536 emendatio
554 2469 673 2535 ratione
687 2472 941 2558 palaeographica
957 2471 1200 2550 commendatur,
1213 2478 1248 2535 ut
1258 2472 1365 2558 potius
1470 2516 1471 2553 π

277 2607 315 2650 ex
338 2606 373 2648 ea
394 2581 543 2668 loquendi
564 2604 640 2646 usus
664 2581 774 2648 debeat
796 2584 891 2663 effici,
916 2607 1012 2670 qnam
1034 2576 1158 2670 propter
1173 2584 1299 2649 aliunde
1315 2605 1366 2649 no

173 2721 176 2727 ¹
277 2701 346 2759 tum
374 2714 489 2757 morem
516 2691 697 2758 aedificandi
726 2693 902 2759 coniectura
932 2695 1109 2781 improbari.
1156 2693 1256 2760 Nemo
1284 2697 1366 2761 euim

275 2803 400 2890 negabit
422 2804 455 2867 in
474 2825 586 2888 magna
608 2802 784 2870 diversitate
807 2804 955 2871 domuum
977 2805 1043 2871 fieri
1066 2806 1220 2892 potuisse,
1241 2814 1280 2871 ut
1298 2805 1366 2871 sub·

278 2916 351 2983 inde
389 2914 478 2980 aedes
520 2916 655 3000 privatae
685 2916 842 3001 fastigium
872 2917 997 3004 aliquod
1027 2924 1081 2982 aut
1110 2924 1244 3002 partem,
1288 2940 1365 3003 quae

280 3050 351 3094 oum
380 3048 416 3091 eo
437 3032 540 3112 posset
564 3029 748 3113 comparari,
773 3028 947 3093 habuerint.
992 3028 1034 3093 llt
1056 3029 1175 3113 aliquot
1197 3035 1278 3094 certe
1302 3030 1365 3094 eius

278 3140 324 3204 rei
356 3136 485 3222 vestigia
517 3139 624 3204 tenuia
656 3146 877 3206 remanserunt.
924 3139 964 3204 In
998 3140 1093 3204 Arist.
1128 3142 1186 3205 Αν.
1220 3163 1250 3205 v.
1281 3141 1364 3205 1110

281 3250 392 3315 chorus
414 3248 516 3312 avium
540 3249 579 3312 ad
601 3250 735 3316 iudices:
759 3251 815 3323 τοὶς
839 3252 900 3333 γὰρ
924 3252 1004 3329 ὑμῶν
1027 3252 1116 3324 ululae
1139 3251 1278 3333 ἐρέψομεν
1301 3249 1366 3333 πρὸς

278 3359 374 3427 οὶεπόν.
410 3357 482 3439 Quo
503 3359 572 3424 loco
594 3361 653 3425 etsi
670 3360 780 3426 domus
801 3361 921 3446 privata
940 3368 1134 3447 comparatur
1148 3379 1219 3425 cum
1233 3360 1365 3448 templo,
1470 3364 1472 3439 t

278 3479 381 3537 tamen
404 3477 531 3557 apparot
553 3479 671 3557 partem
694 3474 847 3557 quandam
868 3473 977 3537 domus
995 3480 1120 3559 propter
1134 3471 1367 3537 similitudinem
1471 3448 1472 3485 ³

279 3583 343 3648 sive
371 3583 577 3669 metaphorice
608 3585 670 3649 sive
692 3591 936 3667 νοοπονχρνοπνκῶς
963 3584 1112 3670 appellari
1133 3583 1229 3650 οὶεπόν.
1274 3579 1366 3668 Apud
1471 3566 1472 3577 ¹

279 3694 501 3789 Hippocratem
523 3694 561 3758 de
584 3695 733 3760 Articulis
751 3719 782 3781 p.
805 3696 880 3760 808.
899 3694 1126 3761 Fmemoratur
1140 3692 1363 3776 νἰέπωμονοῖκον,
1471 3768 1472 3775 ¹

280 3805 364 3891 quod
386 3805 517 3884 Pollux,
542 3805 725 3885 Erotianus,
751 3805 887 3871 Galenus
911 3807 1088 3874 existimant
1111 3828 1175 3870 esse
1198 3807 1365 3892 prominen·
1471 3886 1472 3901 χ

280 3926 342 3983 tem
364 3918 439 3982 tecti
461 3923 595 4003 partem,
620 3940 698 4001 quae
716 3918 845 3983 imbrem
865 3925 984 3996 arceat,
1007 3919 1060 3994 τὴν
1079 3916 1228 3999 στεφάνην
1246 3922 1297 3983 ποῦ
1314 3913 1363 3981 δώ·

280 4052 376 4110 paror
399 4029 449 4115 (cf.
473 4030 600 4095 Foesius
623 4030 697 4096 Oec.
720 4029 817 4116 Hipp.
841 4029 862 4095 i.
886 4031 935 4114 u).
982 4028 1042 4093 Sed
1064 4029 1121 4093 illo
1152 4028 1221 4092 loco
1241 4024 1364 4113 cogitari

280 4163 344 4206 non
378 4147 480 4226 potest
511 4142 549 4206 de
579 4149 665 4228 parte
696 4141 805 4206 domus
837 4164 916 4227 quae
945 4141 979 4205 in
1008 4139 1167 4226 publicum
1197 4143 1361 4224 spectaret3

281 4256 387 4316 nostro
415 4250 483 4316 loco
514 4252 605 4316 verba
627 4257 742 4318 πολλῶν
765 4251 888 4334 δρώντων
910 4252 1022 4317 docent
1044 4249 1236 4315 Alcibiadem
1259 4255 1290 4314 et
1309 4249 1362 4312 Ar·
1471 4280 1472 4349 ᾗ

282 4362 462 4429 chedemum
486 4386 502 4427 e
525 4363 626 4449 platea
648 4364 783 4450 conspici
805 4364 953 4451 potuisse.
992 4364 1101 4449 Itaque
1128 4369 1280 4427 oratorem
1302 4358 1361 4444 opi·

282 4495 339 4537 nor
369 4473 538 4559 significare
570 4475 767 4561 propylaeum
798 4475 924 4555 domus,
957 4474 1039 4562 quod
1062 4474 1211 4540 columnis
1235 4469 1359 4540 subinde
