2994 5234
787 442 848 502 190

271 640 352 712 κότος
375 642 465 705 κὺτοῦ
488 640 536 704 ε’πὶ
559 645 615 704 τῶν
637 638 791 718 τριοὶκοντοι
815 638 905 716 όνομοι
928 641 983 722 (sic
1007 639 1154 703 Schottus
1177 663 1231 724 pro
1256 641 1358 722 οἱρμκ,

271 750 354 834 quod
380 752 493 814 frustra
520 749 658 814 defendit
682 749 836 834 Dobreus)
861 751 890 813 ἕν
913 757 981 819 τοοὶς
1004 752 1115 816 οοινόοιν
1138 750 1357 830 ἑνεγέγροιπτο,

269 860 319 923 κοιὶ
342 859 411 924 ἄνευ
433 859 595 938 κοιτηγόρου
617 858 653 924 ἂν
677 856 764 924 uda-dv
787 857 1038 938 ἀπεδοκιμάζετε·
1062 864 1109 923 νῦν
1134 859 1158 922 δ’
1180 857 1229 924 tva
1249 864 1292 934 μδ
1310 860 1358 936 μό·

207 990 212 995 ·
268 991 313 1033 νον
342 970 489 1041 ἱππευκὼς
519 970 608 1046 μηδὲ
638 968 910 1050 βεβουλευκώς,
942 969 1027 1032 οἱλλοὶ
1056 970 1106 1033 κοιὶ
1129 971 1170 1040 εἱς
1193 970 1225 1033 τὸ
1252 971 1358 1042 πλῆόος

268 1077 473 1157 ε’ξνμκρτκκὼς
500 1079 659 1160 φοιὶνετοιι,
691 1080 741 1142 οὐκ
770 1077 806 1143 όιν
843 1076 952 1142 οἱτοπον
983 1078 1148 1154 ποιόνοιιτε,
1180 1080 1205 1142 εἱ
1235 1080 1279 1154 μὴ
1309 1080 1358 1151 τὴν

269 1190 360 1263 κὺτὶρν
391 1189 510 1265 γνιόμκν
540 1187 660 1267 ἔχοντες
691 1187 754 1267 περὶ
787 1190 878 1253 κὺτοῦ
913 1187 1078 1269 φκὶνοιοόε;
1115 1188 1247 1271 (Scheib.
1280 1189 1357 1252 male

267 1300 406 1380 φοινοῖοόε
428 1319 499 1361 cum
522 1296 633 1381 MSS.).
673 1296 764 1361 Unus
788 1297 838 1361 hic
861 1297 947 1360 locus
972 1305 1019 1360 est
1043 1320 1078 1360 ex
1103 1300 1223 1382 paucis,
1242 1298 1358 1380 quibus

267 1405 496 1471 Laurentianus
518 1428 621 1470 veram
643 1406 808 1470 lectionem
830 1405 933 1470 habet.
982 1405 1163 1469 Omittenda
1185 1408 1268 1471 enim
1285 1414 1356 1470 sunt

268 1516 358 1580 verba
379 1517 452 1594 μηδὲ
473 1516 692 1598 βεβουλευκώς,
717 1538 780 1579 non
804 1515 887 1599 qnod
910 1517 1056 1579 iunctura
1079 1517 1287 1580 membrorum
1304 1539 1357 1601 per

268 1628 299 1691 οὐ
322 1625 474 1702 μόνον-
499 1626 629 1691 οὐδέ-
656 1626 740 1690 οἱλλόι
763 1627 814 1690 nul
844 1627 944 1709 (cuius
969 1627 1087 1710 aliquot
1110 1628 1249 1710 exempla
1271 1628 1356 1691 affert

267 1734 421 1818 Sauppius
452 1734 510 1819 up.
544 1737 611 1799 crit.
636 1759 666 1819 p.
692 1738 746 1820 21)
770 1736 811 1798 sit
834 1736 987 1812 insolens,
1013 1736 1066 1799 sed
1090 1738 1163 1820 quia
1186 1738 1356 1801 senatoriae

268 1844 444 1928 dignitatis,
469 1867 531 1928 qua
554 1846 680 1910 functus
703 1846 815 1908 fuisset
837 1845 890 1923 E„
917 1847 949 1908 in
972 1846 1157 1930 praegressis
1172 1847 1260 1910 nulla
1276 1869 1357 1909 men-

268 1953 312 2016 tio
341 1962 404 2032 est,
435 1963 465 2018 et
489 1963 592 2019 orator
615 1957 659 2019 sic
682 1962 930 2040 argumentatur:
955 1957 1091 2039 sicquae
1115 1956 1261 2021 subm
1286 1956 1355 2018 viris

266 2064 392 2143 suisset,
425 2089 494 2129 eum
526 2066 757 2151 improbaretis3
790 2088 873 2129 nunc
904 2087 1000 2148 quum
1032 2088 1095 2130 non
1117 2072 1239 2130 tantum
1263 2087 1355 2148 eques

266 2174 358 2237 fuerit
388 2175 442 2239 sed
469 2175 570 2240 multo
601 2177 694 2240 etiam
724 2176 846 2258 gravius
870 2176 1053 2260 deliquerit,
1079 2175 1156 2260 quid
1180 2176 1279 2238 facere
1304 2196 1354 2237 vos

267 2284 410 2367 oportet?
456 2283 616 2364 Quantum
646 2307 728 2348 nunc
756 2284 877 2348 obesset
900 2284 1050 2348 senatoris
1073 2306 1204 2360 munus,
1229 2285 1256 2347 si
1280 2283 1351 2346 olim

267 2414 303 2455 eo
326 2392 451 2456 functus
475 2401 570 2473 esset,
595 2393 771 2478 probationi
795 2393 876 2456 nihil
899 2392 1050 2456 attinebat
1073 2392 1192 2469 dicere,
1210 2415 1308 2476 quum
1323 2392 1354 2453 in

266 2501 471 2566 condicionali
494 2504 646 2566 sententia
668 2525 730 2566 non
753 2503 889 2587 positum
912 2510 992 2566 esset
1015 2502 1189 2573 ἱππευκότος
1210 2504 1227 2577 εἱ
1247 2501 1353 2577 βεβου·

264 2613 417 2694 λευκόπος,
446 2613 499 2676 scd
524 2614 705 2698 simpliciter
727 2615 911 2685 ἱππευκότος.
958 2613 1061 2677 Locus
1084 2612 1291 2697 interpolatus
1314 2611 1355 2672 vi-

264 2721 355 2785 detur
378 2722 415 2785 ab
438 2724 619 2807 interprete,
646 2724 700 2807 qui
723 2724 880 2807 superiora
902 2724 926 2787 εἱ
941 2724 995 2800 μὲν
1008 2723 1040 2798 δὴ
1055 2722 1262 2800 βουλεύσων
1277 2719 1354 2784 male

263 2830 464 2894 intellexerat.
512 2829 656 2895 Ceterum
691 2854 835 2916 apparere
871 2831 992 2895 videtur
1026 2855 1063 2895 ex
1097 2832 1196 2895 verbis
1231 2834 1275 2906 μὴ
1306 2826 1354 2904 μό-

263 2963 307 3004 νον
331 2975 373 2988 -
396 2942 481 3005 aua
502 2941 570 3018 κοιὶ,
595 2963 674 3024 quae
689 2963 752 3004 non
769 2942 843 3025 poni
859 2949 988 3026 possunt
1004 2963 1059 3024 pro
1075 2942 1117 3017 μὴ
1136 2939 1178 3005 ότι
1196 2978 1241 2989 -
1256 2937 1352 3014 nnat,

262 3050 395 3134 equitem
420 3070 453 3112 re
476 3071 547 3112 vera
569 3050 663 3113 fuisse
679 3049 873 3126 Evandrum,
899 3049 982 3133 quod
1003 3072 1037 3113 ea
1052 3072 1118 3127 res,
1137 3050 1225 3132 quasi
1240 3050 1354 3112 incerta

262 3166 356 3236 esset,
384 3159 417 3221 in
444 3159 544 3243 priore
568 3161 737 3224 sententiae
760 3167 846 3244 parte
870 3160 927 3223 sub
952 3159 1142 3223 condicionis
1166 3182 1229 3223 non
1253 3158 1351 3244 exple·

261 3274 310 3331 tae
333 3268 430 3332 forma
453 3269 617 3333 enunciata
641 3277 687 3333 est
711 3270 745 3354 (εἱ
769 3270 980 3353 ε’νεγέγρονπτο)
991 3319 1000 3348 ,
1026 3270 1142 3333 factum
1159 3277 1205 3334 est
1221 3266 1350 3353 eoquod

262 3377 337 3440 haec
360 3377 500 3441 condicio
524 3381 613 3463 quasi
636 3379 838 3443 subordinate
862 3386 908 3443 est
932 3380 1213 3444 commemorationi
1232 3381 1276 3442 rei
1292 3400 1351 3441 non

261 3487 359 3550 factae
383 3487 417 3571 (εἱ
441 3486 646 3570 ἐδοκιμάζετο).

306 3598 323 3680 q
348 3598 398 3658 12.
446 3594 509 3661 ἱόοό
540 3599 608 3673 ὑμῖν
638 3597 778 3671 κοιόιὶκειν.
821 3596 897 3681 Leg.
930 3598 1058 3672 κοιόιὶκει.
1101 3597 1184 3660 Nam
1207 3597 1283 3662 ιὶοτε
1306 3603 1348 3660 est

261 3711 450 3790 quopropter.
497 3702 607 3768 Nihilo
637 3706 739 3769 minus
770 3712 851 3768 recte
882 3728 914 3769 se
944 3706 1070 3770 haberet
1100 3707 1292 3785 infinitivus,
1323 3706 1347 3769 si

259 3817 334 3878 haec
357 3836 395 3877 ex
414 3823 516 3877 mente
536 3813 670 3879 Evandri
690 3814 772 3878 diota
791 3820 901 3878 essent.
938 3814 998 3877 Sed
1018 3838 1105 3879 secus
1124 3816 1191 3879 fieri
1216 3817 1345 3900 quisque

260 3923 435 3987 admonitus
459 3923 580 3986 sentiet.

303 4033 320 4116 q
346 4033 396 4094 13.
442 4025 487 4110 οἱρ’
510 4034 561 4095 οὐκ
583 4031 664 4095 οἱεοό
688 4032 793 4103 οιότοὺς
816 4037 961 4111 χοιλεπῶς
985 4032 1176 4097 διοικεόοεοόοιι
1199 4033 1249 4096 acl
1271 4035 1345 4110 ὑμᾶς

258 4144 353 4206 οιύτῶν
376 4140 483 4211 ονὶτὶους
508 4141 684 4221 ἡγήοεοόοιι,
708 4137 794 4204 ότοιν
817 4140 992 4217 γένωντονι
1015 4143 1044 4205 ε’ν
1067 4141 1178 4213 ἒκεόνοις
1198 4149 1258 4214 τοῖς
1281 4141 1344 4222 χρό-

258 4276 331 4326 νοις,
355 4253 384 4315 ἐν
407 4246 445 4321 οἱς
469 4253 564 4314 κύτῶν
587 4249 689 4315 πολλοὶ
712 4251 752 4322 εἱς
776 4251 809 4315 τό
833 4252 1021 4332 δεσμωτήριον
1044 4253 1194 4328 οἱπιὶγουτο
1212 4279 1276 4329 —-;
1297 4251 1344 4315 In·

238 4367 480 4445 ‘terpretantun
513 4382 609 4443 quum
641 4361 673 4423 in
704 4361 881 4424 memoriam
909 4365 1072 4440 redierint,
1095 4361 1147 4425 sed
1171 4362 1341 4445 exemplum
