2994 5234
624 472 687 532 285

9 642 10 647 '
109 668 204 753 Gorg.
236 672 299 734 ιιι
332 670 358 731 u
387 678 417 733 a
448 671 482 733 o.
514 670 611 734 uiue.
635 670 686 733 vi.
713 674 741 735 ι.
770 673 797 733 ι.
822 670 915 752 soph.
941 667 988 730 u.
1018 668 1117 728 μοι,
1143 665 1198 733 τις

9 816 10 859 3
109 780 208 853 ήδονάς
228 788 297 859 τρίς
312 787 362 844 σοῦ
378 781 533 858 λιιβοῦσοι,
550 783 620 845 κούκ
631 783 707 859 ἐμάς
719 780 897 857 ἐκτησάμην.
920 778 1014 843 Arist.
1025 775 1103 839 Aah.
1113 778 1197 839 478:

8 862 10 929 s
107 890 247 955 σκάνδικά
267 916 314 967 μοι
338 892 402 967 δίς,
426 892 561 973 μητρόθεν
585 893 762 970 δεδεγμένος.
800 892 873 956 Hes,
897 889 1012 973 Theog.
1032 889 1113 949 521:
1131 886 1199 960 δῆσε

107 1003 260 1081 Προμηθέοο
291 1004 405 1079 δεσμοῖς
428 1044 474 1053 -
496 1006 583 1082 μέσον
613 1006 660 1069 διά
690 1004 756 1069 κίον’
787 1003 919 1074 ἐλάσσκς
952 1004 1006 1084 (τε
1037 1002 1200 1065 transactio

101 1136 162 1196 ρον
184 1117 250 1198 -).
272 1117 353 1178 538:
386 1117 504 1192 ἔγκιιτοι
527 1155 571 1165 -
593 1119 622 1181 ἐν
653 1118 713 1197 ῥινῷ
739 1117 898 1192 κιιτέθηκε,
922 1113 1064 1191 κοιλάφοις
1092 1108 1199 1187 7de

7 1292 8 1307 ρ
105 1223 196 1303 βοείη.
233 1229 316 1291 497:
337 1232 445 1306 πρῶτον
461 1228 486 1291 δ’
502 1227 646 1304 ἕξήμεσσε
662 1228 752 1303 λίθον,
769 1227 905 1306 τύμοιτον
920 1222 1098 1289 κοιτοοτίνων.
1120 1219 1199 1283 Xen.

7 1352 9 1433 q
105 1332 168 1396 GP.
192 1332 237 1398 ΙΙ.
263 1338 293 1400 3.
321 1338 378 1402 l'l:
403 1333 482 1401 εἶτεν
505 1336 547 1402 ίτι
570 1338 697 1416 βάλλειν
715 1337 806 1411 δεήσοι
824 1333 1040 1416 άνιιιρονμένοος
1058 1339 1124 1402 τοιῖς
1143 1330 1200 1407 βά-

6 1484 8 1491 ν
105 1459 181 1518 λοις,
223 1446 306 1530 quod
338 1449 395 1511 etsi
423 1456 547 1533 propter
576 1448 726 1513 librorum
759 1447 933 1510 dissensum
969 1443 1128 1508 Diodorfio
1152 1464 1200 1505 su-

6 1618 8 1653 Ᾰ
105 1564 260 1639 spectum,
285 1580 339 1642 per
362 1581 394 1622 se
417 1567 498 1623 recte
514 1559 640 1623 dietum.
676 1559 753 1623 Isae.
771 1561 801 1621 2.
820 1560 838 1620 8
855 1555 897 1621 ίτι
917 1562 1011 1638 φιλῶν
1025 1552 1201 1630 άτεβάλετο

6 1720 8 1757 .
104 1666 262 1731 invenitur
291 1670 323 1731 in
346 1669 414 1733 loeo
438 1669 502 1734 sine
526 1669 730 1734 controversia
754 1674 908 1752 corrupto.
956 1665 1014 1728 Sed
1040 1664 1129 1748 plena
1153 1685 1201 1727 ex-

106 1778 277 1862 emplorum
300 1781 412 1843 omnia.
453 1780 524 1859 Qua
546 1780 676 1844 maxime
700 1786 800 1864 potest·
824 1778 1019 1862 participium
1044 1777 1077 1838 in
1101 1774 1200 1837 activo

6 1910 7 1915 ¹
108 1889 233 1971 ponitur
263 1895 293 1951 et
325 1888 463 1954 subiecto
495 1889 750 1953 accommodatur.
782 1928 827 1937 -
858 1887 956 1951 Paulo
992 1894 1060 1972 post
1091 1884 1197 1948 malim

6 2008 7 2037 ³
107 2001 263 2073 ποιήσοντι
287 2023 378 2083 quam
402 1999 438 2065 άν
466 2001 647 2074 τοιήσιιντοι,
663 2017 664 2020 ’
678 1999 761 2083 quod
792 2000 938 2063 maiorem
961 1997 1054 2061 habet
1078 1995 1198 2059 dubita·

108 2110 241 2187 tionem,
266 2132 358 2194 quam
382 2132 451 2174 cum
476 2110 534 2174 loci
558 2111 710 2175 sententia
733 2111 884 2175 convenit.

150 2223 167 2306 q
192 2223 245 2283 22.
292 2224 316 2285 εί
346 2222 458 2299 μήτηρ,
490 2219 506 2295 ή
538 2222 655 2302 πέφυκε
679 2260 724 2270 -
747 2221 823 2301 μίκρ’
855 2216 1041 2301 ὠφελουμένη
1072 2219 1199 2294 μεγάλοι

6 2400 7 2423 q
106 2332 186 2411 ἔχειν
210 2333 344 2408 ήγεῖσθκι
367 2370 412 2379 -
435 2331 545 2412 ἐνόμιζε
568 2339 666 2399 τοῦτον
690 2333 746 2398 κάν
768 2332 829 2397 άτδ
848 2331 1003 2406 τεθνεώσης
1023 2330 1118 2411 φέρειν
1135 2328 1200 2391 ἕνον-

5 2480 7 2529 j
105 2451 174 2525 τῆς,
200 2444 231 2506 τί
252 2445 310 2523 χρή
334 2446 412 2521 ὑμάς
436 2442 499 2521 περὶ
521 2446 610 2508 κὺτοῦ
633 2444 826 2519 δικνοηθήνοιι;
850 2443 938 2521 Μίκρ’
962 2464 1023 2505 nou
1046 2447 1092 2503 est
1108 2437 1197 2502 codd.

4 2600 7 2627 q
105 2550 213 2631 lectio,
238 2560 274 2617 ut
296 2577 332 2617 ex
357 2552 466 2617 Oobeti
490 2553 624 2618 editione
647 2554 774 2632 efficias,
792 2576 847 2619 nee
864 2554 1039 2617 coniectura
1056 2550 1197 2635 Emperi‚

4 2644 7 2681 ²
106 2670 140 2725 ut
179 2663 255 2726 dieit
296 2663 474 2740 Scheibius,
522 2664 574 2728 sed
619 2665 733 2729 Dobrei
774 2687 828 2750 pro
867 2664 945 2741 μήδ’.
994 2662 1081 2726 [dem
1115 2661 1196 2743 ἔχειν

105 2770 203 2849 delet,
235 2773 267 2836 in
298 2795 359 2855 quo
398 2795 454 2857 ego
493 2796 616 2858 quoque
655 2773 769 2838 offendi
776 2800 785 2851 3
826 2775 929 2859 potius
957 2796 1048 2857 quam
1079 2773 1196 2850 μεγάλ’

104 2880 184 2962 ἔχειν
216 2895 369 2969 exspectes
399 2887 499 2950 τολλά
527 2883 709 2962 λοιμβάνειν,
740 2886 789 2949 vel
812 2885 958 2965 δίχεσθκι.
994 2885 1071 2949 Illae
1095 2884 1195 2963 μικροιί

104 2994 242 3075 ὠφέλειιιι
261 3017 323 3059 non
336 3004 409 3060 sunt
420 2999 584 3076 χρήμκτιι,
598 3018 676 3081 quae
688 2997 756 3080 quis
772 2996 835 3077 ἔχει
846 3049 854 3072 ,
867 2995 1012 3080 possidet.
1038 2995 1194 3058 Fortasse:

104 3105 180 3185 μίκρ’
200 3107 404 3186 ὠφελουμένη,
428 3107 542 3184 μεγάλ’
566 3108 667 3172 ἐκεῖν’
691 3109 832 3184 ήγεῖσθοιι.
869 3108 970 3170 Pauca
986 3106 1111 3190 quidem
1127 3128 1192 3169 esse

103 3213 156 3278 illa
180 3237 262 3298 quae
282 3217 409 3301 accipit,
434 3217 564 3298 fatetur,
590 3219 657 3295 sed,
682 3219 735 3302 qui
760 3218 825 3282 eius
850 3240 933 3281 amor
957 3227 1003 3281 est
1026 3239 1098 3300 erga
1120 3216 1195 3279 libe·

103 3347 171 3403 ros,
201 3350 313 3412 magua
343 3328 469 3393 iudicat.
516 3329 682 3414 Sequentia
711 3330 766 3395 κάν
796 3331 856 3394 άτδ
887 3332 961 3394 τεθν.
993 3336 1059 3411 φερ.
1087 3328 1193 3402 ἓνιντής

103 3443 247 3520 corrupta
277 3446 367 3515 sunt3
397 3462 468 3502 nam
499 3442 594 3519 φέρειν
624 3442 686 3506 άτί
715 3465 787 3512 τινος
819 3440 958 3504 absolute
990 3440 1107 3505 dietum
1138 3464 1193 3526 pro

103 3552 235 3630 spoliare
256 3553 383 3632 alequem
405 3549 617 3634 (Rauohenst.)
641 3573 703 3614 non
727 3559 774 3615 est
789 3552 951 3614 Graecum.
985 3550 1121 3616 Cobetus
1137 3574 1193 3635 pro

102 3659 198 3739 φέρειν
221 3663 356 3741 άφκιρείν
380 3661 474 3727 dedit.
523 3662 651 3727 Memini
674 3665 810 3742 άφοιιρεῖν
833 3667 893 3727 άτό
911 3689 1001 3737 τινος,
1023 3667 1139 3727 demere
1158 3666 1195 3726 de

102 3794 218 3836 summu
247 3777 391 3856 quodum,
423 3773 476 3837 sed
507 3797 542 3837 ea
572 3774 740 3851 sententia,
766 3797 843 3858 quae
868 3775 1015 3838 hocloco
1039 3782 1110 3859 apta
1133 3774 1190 3851 sit,

102 3883 254 3964 requiram
277 3883 482 3963 άφκιρεῑσθιιι,
507 3893 538 3946 et
561 3906 599 3947 ue
616 3884 674 3947 hoe
689 3884 812 3966 quidem
828 3886 893 3948 sine
909 3885 1028 3948 obiecto
1045 3884 1189 3969 positum.

103 3988 253 4074 Equidem
275 4013 337 4054 non
353 3992 424 4055 novi
441 3993 544 4076 aptius
560 4014 664 4076 quam:
682 3994 791 4073 ἐνομίζε
811 4001 910 4060 τοῦτον
929 3994 977 4058 κκί
997 3994 1058 4059 άτδ
1077 3994 1191 4058 τεθνεά-

102 4124 153 4173 της
177 4100 279 4180 είργειν
302 4103 417 4175 ἐκοτής.
464 4100 599 4182 Νομίζειν
623 4112 658 4165 ut
680 4102 785 4167 οίεσθιιι
809 4112 840 4167 et
863 4105 961 4169 simm.
986 4112 1032 4169 est
1049 4127 1191 4189 aequum,

103 4233 263 4295 οοιορκκκοι
282 4220 401 4297 putore.
441 4213 486 4277 Cf.
517 4214 633 4279 Buttm.
665 4215 736 4281 lixo.
752 4215 788 4280 V.
815 4218 853 4281 ad
877 4218 964 4283 Dem.
990 4216 1085 4294 Mid,
1110 4216 1190 4281 Plat.

103 4319 186 4385 Prot.
212 4325 286 4386 346.
312 4324 338 4385 B
347 4373 356 4401 ‚
381 4323 464 4388 Orat.
489 4328 564 4389 413.
589 4327 637 4403 D,
662 4327 740 4392 Xan.
762 4329 1190 4406 Hell.IV.·7.t,v.1.15.

103 4430 195 4496 Hune
220 4456 237 4496 a
261 4455 386 4518 corpore
410 4456 467 4497 suo
490 4456 590 4501 aroeue
614 4436 727 4517 voluit,
753 4439 843 4505 etiem
868 4449 937 4530 post
960 4450 1098 4509 mortem.
1142 4441 1192 4504 Ad
