2994 5234
810 473 870 536 1⁷2

296 671 442 755 leguntur
464 671 666 735 necessariam
681 671 839 734 continent
855 691 975 733 morum
991 670 1208 737 defensionem.
1234 668 1276 733 llt
1291 670 1386 753 primo

297 779 420 863 quidem
443 779 523 843 illud
545 779 660 843 refutat
682 780 795 842 crimen
818 800 906 856 reus,
931 778 1014 861 quod
1038 801 1075 842 ex
1098 779 1242 855 artificio,
1266 799 1329 862 quo
1347 777 1386 839 vi·

297 896 361 953 tam
383 889 577 974 aliquatenus
600 888 807 965 sustentabat,
830 889 955 972 petitur,
974 895 1012 950 ut
1028 888 1066 951 ab
1083 889 1174 952 initio
1192 891 1219 972 (q
1236 890 1267 973 6)
1284 909 1387 971 oppor-

297 1000 461 1063 tunitatem
485 999 596 1063 habeat
618 1020 690 1061 suae
714 999 792 1061 vitae
812 997 1008 1061 enarrandae.
1037 996 1130 1077 Quod
1147 1019 1184 1061 er
1200 997 1383 1081 equitatione

297 1108 435 1172 effecerat
469 1115 640 1187 accusator,
672 1131 757 1174 reum
789 1129 913 1192 corpore
944 1108 1043 1172 valere
1081 1112 1147 1190 (τῆς
1175 1114 1227 1172 τοῦ
1255 1108 1386 1184 σώματος

296 1220 389 1298 ῥώμης
411 1222 428 1304 q
452 1222 497 1304 5),
521 1220 555 1283 id
578 1219 687 1284 callide
711 1219 874 1304 detorquet
896 1226 1000 1283 orator
1022 1222 1040 1304 b
1064 1222 1121 1296 10,
1147 1241 1208 1302 sq,
1234 1239 1386 1303 opponens

297 1352 328 1393 se
353 1351 430 1413 equo
453 1330 522 1393 vehi
545 1335 669 1414 propter
691 1336 918 1414 paupertatem,
944 1330 1031 1412 quasi
1054 1328 1133 1391 illud
1153 1336 1303 1411 tanquam
1319 1347 1387 1410 opu·

283 1438 409 1523 ¹lentiee
436 1437 584 1501 indicium
616 1444 774 1501 accusator
798 1438 961 1502 attulisset.
1001 1437 1048 1501 De
1073 1437 1297 1501 consuetudine
1322 1457 1386 1499 cum

297 1547 433 1632 prodigis
465 1570 556 1631 agens
586 1550 603 1632 q
636 1551 693 1623 19,
726 1570 770 1632 sq.
805 1555 906 1612 astute
937 1549 1048 1612 vitium
1079 1570 1202 1625 eorum,
1227 1549 1386 1633 quisnam

298 1658 424 1721 domum
446 1657 699 1742 frequentabant,
724 1659 874 1721 convertit
893 1659 925 1721 in
942 1679 1047 1722 omnes
1064 1658 1286 1735 Athenionem,
1304 1656 1387 1740 quasi

299 1790 421 1843 omnes,
446 1766 554 1851 quiin
579 1766 719 1829 tabernas
744 1766 781 1829 ad
807 1767 907 1830 forum
924 1768 1085 1831 convenire
1102 1766 1250 1843 solerent,
1269 1766 1392 1830 eosdem

298 1901 396 1942 mores
428 1877 575 1942 haberent
605 1880 633 1962 (b
664 1881 725 1941 20:
757 1861 824 1942 ὥστ’
858 1876 948 1949 εἴτις
972 1902 999 1943 κ.
1024 1902 1053 1942 τ.
1077 1879 1132 1960 1.),
1156 1878 1190 1939 11
1214 1898 1277 1958 quo
1300 1875 1386 1960 plane

298 1986 421 2071 Lysiam
445 1988 647 2071 agnoscimus.
691 1987 999 2072 Simplicis'hominis
1023 1986 1247 2071 argumentatio
1272 2008 1308 2048 ea
1331 1990 1384 2058 est,

299 2118 360 2180 qua
391 2119 427 2160 ex
457 2097 632 2161 coniectura
661 2096 698 2159 de
728 2119 779 2173 eo,
805 2095 888 2180 quod
912 2104 1119 2161 accusatorem
1143 2095 1310 2179 aliquando
1332 2094 1387 2156 fac-

298 2215 404 2270 turum
433 2206 527 2270 fuisse
558 2214 796 2271 cousentaneum
829 2215 924 2285 esset,
949 2215 1095 2291 tanquam
1119 2229 1156 2270 ex
1177 2231 1212 2271 re
1235 2207 1272 2271 ab
1296 2203 1386 2269 omni·

298 2316 356 2380 bus
387 2339 530 2380 concessa
553 2324 767 2401 argumentum
791 2318 906 2402 petitur
929 2320 957 2402 (b
980 2321 1028 2401 9),
1055 2318 1138 2402 quod
1162 2333 1385 2402 quamquame

297 2427 416 2509 vulgari
447 2426 556 2512 Lysiae
587 2430 704 2493 ratione
735 2451 798 2492 non
830 2429 991 2505 abhorret,
1023 2436 1124 2492 tamen
1148 2427 1298 2492 hocloco
1321 2444 1385 2486 con-

298 2535 380 2599 sulto
404 2537 441 2600 ab
465 2560 501 2601 eo
524 2539 639 2602 factum
662 2546 738 2623 puto
762 2538 800 2602 ad
824 2539 917 2601 huius
939 2537 1082 2603 ἀδυνάτου
1105 2538 1265 2621 ingenium
1280 2532 1384 2599 descri-

297 2645 449 2723 bendum,
485 2646 592 2711 eodem
626 2648 753 2711 consilio
786 2648 833 2711 bis
864 2647 1043 2711 familiarem
1074 2647 1134 2711 sibi
1164 2646 1383 2731 oppositionem

297 2757 377 2819 inter
407 2779 498 2820 νοννιι
529 2758 582 2839 qui
614 2758 796 2841 persuadeat
820 2767 850 2821 et
873 2779 971 2822 omnes
995 2759 1048 2841 qni
1071 2779 1158 2821 secus
1182 2758 1317 2821 sentiant
1338 2751 1383 2816 ad·

298 2866 402 2930 hibuit
431 2869 448 2951 b
473 2870 530 2930 13:
563 2874 695 2932 τοσοῦτον
719 2869 748 2931 δὲ
771 2869 930 2948 διενήνοχεν
952 2866 1151 2949 ἀναισχυντίᾳ
1171 2873 1227 2931 τῶν
1251 2866 1383 2931 ureae

296 2976 463 3055 ἀνθρώπων,
488 2975 552 3041 ὥσθ’
577 2978 655 3054 ὑμᾶς
679 2981 814 3057 τειοοῖτοιι
839 2978 959 3052 πείθειν,
984 2979 1135 3049 τοσούτους
1158 2978 1257 3056 ὄντος,
1277 2972 1317 3046 εἷς
1335 2973 1380 3050 ὤν,

295 3088 332 3157 ὥς
355 3088 405 3150 οὐκ
427 3087 486 3163 εἰμὶ
509 3094 565 3152 τῶν
590 3087 737 3151 οὶδιινοὶτιον
762 3088 828 3162 ἐγώ.
854 3087 891 3151 of.
915 3089 932 3171 q
957 3089 1008 3149 22.
1042 3087 1101 3150 His
1127 3086 1239 3150 similia
1261 3086 1322 3148 alia
1336 3100 1382 3145 no-

295 3195 427 3258 tavimus
451 3196 483 3258 in
505 3195 599 3280 Lysia
622 3196 661 3259 ad
685 3199 737 3259 20.
766 3199 824 3273 10;
849 3196 920 3260 add.
946 3199 998 3259 30.
1024 3198 1254 3258 sectarer.
1282 3193 1382 3256 Faten-

296 3304 370 3368 dum
394 3314 442 3369 est
464 3307 522 3371 hoc
546 3315 762 3391 argumentum
786 3329 850 3370 esse
874 3307 1038 3371 admodum
1064 3304 1381 3391 1111111111εὐήθειιιν

297 3416 451 3501 quandam
474 3418 602 3502 prodere
610 3445 619 3495 3
644 3425 745 3482 orator
766 3417 860 3481 sumit
876 3425 1024 3500 tanquam
1041 3424 1173 3492 certum,
1191 3437 1296 3479 omnes
1310 3407 1382 3474 iudi·

296 3549 345 3590 ces
376 3527 434 3591 sibi
458 3528 574 3606 favere,
601 3537 631 3592 et
655 3528 729 3592 adeo
753 3550 860 3591 causae
885 3527 1011 3591 confidit
1034 3549 1127 3604 suae,
1152 3519 1381 3590 1111111111]-

295 3659 365 3720 gere
398 3659 461 3701 non
497 3641 609 3722 possit,
643 3660 831 3722 quemquam
864 3659 934 3701 cum
965 3636 1136 3700 adversario
1160 3636 1259 3699 facere
1282 3649 1378 3719 posset

296 3747 548 3832 disceptationem
572 3748 609 3812 de
631 3749 697 3811 iure
715 3748 870 3832 postulare
886 3747 1059 3811 libertatem
1073 3744 1294 3830 persuadendi,
1310 3738 1377 3804 adeo

296 3856 488 3921 obliviscitur
515 3865 552 3922 ut
579 3858 741 3942 impudens
765 3859 793 3921 11
816 3858 972 3935 videatur,
997 3857 1051 3939 qui
1075 3855 1257 3941 persuadere
1281 3848 1377 3918 iudici·

295 3968 352 4031 bus
377 3977 513 4031 conetur.
556 3967 616 4031 Sed
640 3968 781 4032 consulto
805 3968 866 4031 tale
890 3967 965 4050 quid
988 3966 1062 4031 huic
1084 3966 1202 4030 homini
1227 3959 1377 4045 adscripsit

295 4077 421 4161 Lysias,
446 4083 555 4161 utpote
579 4077 643 4140 eius
666 4077 791 4160 ingenio
815 4077 905 4139 unice
929 4075 1199 4139 accommodatum.
1235 4066 1377 4156 Simplicis

295 4189 392 4272 igitur
424 4186 556 4250 hominis
588 4194 695 4270 pectus
719 4194 749 4250 et
773 4187 941 4251 orationem
966 4187 1129 4271 expressit,
1154 4184 1207 4248 sed
1230 4185 1304 4247 latet
1325 4173 1374 4241 sub

295 4299 355 4362 hoe
379 4297 468 4383 quasi
492 4296 606 4361 amictu
631 4295 782 4361 calliditas
789 4323 797 4373 i
827 4304 858 4361 et
881 4297 969 4360 facile
993 4297 1087 4360 animi
1110 4295 1167 4358 sub
1185 4295 1276 4379 vulpe
1290 4291 1372 4354 laten·

295 4415 341 4471 tes
365 4406 482 4472 iudices
505 4413 648 4492 poterant
672 4405 819 4491 decipere.
