<?xml version="1.0" encoding="UTF-8"?>
<!DOCTYPE html PUBLIC "-//W3C//DTD XHTML 1.0 Transitional//EN"
    "http://www.w3.org/TR/xhtml1/DTD/xhtml1-transitional.dtd">
<html xmlns="http://www.w3.org/1999/xhtml" xml:lang="en" lang="en">
 <head>
  <title>
</title>
<meta http-equiv="Content-Type" content="text/html;charset=utf-8" />
  <meta name='ocr-system' content='tesseract 3.04.00' />
  <meta name='ocr-capabilities' content='ocr_page ocr_carea ocr_par ocr_line ocrx_word'/>
</head>
<body>
  <div class='ocr_page' id='page_1' title='image "./commentationesl03frangoog_0108.png"; bbox 0 0 2958 5238; ppageno 0'>
   <div class='ocr_carea' id='block_1_1' title="bbox 613 473 654 534">
    <p class='ocr_par' dir='ltr' id='par_1_1' title="bbox 613 473 654 534">
     <span class='ocr_line' id='line_1_1' title="bbox 613 473 654 534; baseline 0 0"><span class='ocrx_word' id='word_1_1' title='bbox 613 473 654 534; x_wconf 80' lang='lat'><strong>93</strong></span> 
     </span>
    </p>
   </div>
   <div class='ocr_carea' id='block_1_2' title="bbox 99 670 1180 2980">
    <p class='ocr_par' dir='ltr' id='par_1_2' title="bbox 102 670 1177 872">
     <span class='ocr_line' id='line_1_2' title="bbox 102 670 1177 757; baseline -0.003 -18"><span class='ocrx_word' id='word_1_2' title='bbox 102 677 179 741; x_wconf 77' lang='lat' dir='ltr'><strong>Talis</strong></span> <span class='ocrx_word' id='word_1_3' title='bbox 209 677 300 740; x_wconf 88' lang='lat' dir='ltr'><strong>etiam</strong></span> <span class='ocrx_word' id='word_1_4' title='bbox 332 674 486 739; x_wconf 76' lang='lat' dir='ltr'><strong>excusatio</strong></span> <span class='ocrx_word' id='word_1_5' title='bbox 517 694 625 757; x_wconf 84' lang='lat' dir='ltr'><strong>parum</strong></span> <span class='ocrx_word' id='word_1_6' title='bbox 654 671 816 749; x_wconf 76' lang='lat' dir='ltr'><strong>valuisset,</strong></span> <span class='ocrx_word' id='word_1_7' title='bbox 849 670 932 756; x_wconf 89' lang='lat' dir='ltr'><strong>quod</strong></span> <span class='ocrx_word' id='word_1_8' title='bbox 954 672 1052 736; x_wconf 90' lang='lat' dir='ltr'>nihilo</span> <span class='ocrx_word' id='word_1_9' title='bbox 1075 674 1177 738; x_wconf 88' lang='lat' dir='ltr'><strong>minus</strong></span> 
     </span>
     <span class='ocr_line' id='line_1_3' title="bbox 103 783 948 872; baseline -0.005 -20"><span class='ocrx_word' id='word_1_10' title='bbox 103 786 246 872; x_wconf 76' lang='lat' dir='ltr'><strong>quaedam</strong></span> <span class='ocrx_word' id='word_1_11' title='bbox 269 786 437 851; x_wconf 74' lang='lat' dir='ltr'><strong>delationes</strong></span> <span class='ocrx_word' id='word_1_12' title='bbox 462 786 596 868; x_wconf 80' lang='lat' dir='ltr'><strong>Agorato</strong></span> <span class='ocrx_word' id='word_1_13' title='bbox 619 783 816 868; x_wconf 82' lang='lat' dir='ltr'><strong>imputandae</strong></span> <span class='ocrx_word' id='word_1_14' title='bbox 840 791 948 848; x_wconf 85' lang='lat' dir='ltr'><strong>essent.</strong></span> 
     </span>
    </p>

    <p class='ocr_par' dir='ltr' id='par_1_3' title="bbox 99 894 1179 1422">
     <span class='ocr_line' id='line_1_4' title="bbox 144 894 1176 984; baseline -0.001 -23"><span class='ocrx_word' id='word_1_15' title='bbox 144 902 230 984; x_wconf 67' lang='lat' dir='ltr'><strong>§aa</strong></span> <span class='ocrx_word' id='word_1_16' title='bbox 276 897 535 979; x_wconf 68' lang='grc' dir='ltr'><strong>στρατηγήσαντες</strong></span> <span class='ocrx_word' id='word_1_17' title='bbox 565 897 632 973; x_wconf 84' lang='grc' dir='ltr'><strong><em>ὑμῖν</em></strong></span> <span class='ocrx_word' id='word_1_18' title='bbox 663 895 807 968; x_wconf 90' lang='grc' dir='ltr'><strong><em>πολλάκις</em></strong></span> <span class='ocrx_word' id='word_1_19' title='bbox 829 894 917 976; x_wconf 82' lang='grc' dir='ltr'><strong><em>μείζω</em></strong></span> <span class='ocrx_word' id='word_1_20' title='bbox 940 896 992 970; x_wconf 77' lang='grc' dir='ltr'><strong>την</strong></span> <span class='ocrx_word' id='word_1_21' title='bbox 1014 894 1097 960; x_wconf 78' lang='grc' dir='ltr'><strong><em>πόλιν</em></strong></span> <span class='ocrx_word' id='word_1_22' title='bbox 1116 903 1176 968; x_wconf 81' lang='grc' dir='ltr'><strong><em>τοῖς</em></strong></span> 
     </span>
     <span class='ocr_line' id='line_1_5' title="bbox 99 1003 1176 1091; baseline -0.002 -17"><span class='ocrx_word' id='word_1_23' title='bbox 99 1009 301 1090; x_wconf 69' lang='grc' dir='ltr'><strong>διαδεχομένοις</strong></span> <span class='ocrx_word' id='word_1_24' title='bbox 332 1009 518 1091; x_wconf 78' lang='grc' dir='ltr'><strong><em>(στρατηγοῖς</em></strong></span> <span class='ocrx_word' id='word_1_25' title='bbox 536 1005 602 1069; x_wconf 87' lang='lat' dir='ltr'><strong>iure</strong></span> <span class='ocrx_word' id='word_1_26' title='bbox 626 1005 752 1070; x_wconf 82' lang='lat' dir='ltr'><strong>seclusit</strong></span> <span class='ocrx_word' id='word_1_27' title='bbox 775 1003 894 1089; x_wconf 80' lang='lat' dir='ltr'><strong>Cobet.)</strong></span> <span class='ocrx_word' id='word_1_28' title='bbox 917 1005 1176 1085; x_wconf 87' lang='grc' dir='ltr'><strong><em>παρεδίδοσαν.</em></strong></span> 
     </span>
     <span class='ocr_line' id='line_1_6' title="bbox 100 1113 1176 1205; baseline -0.003 -22"><span class='ocrx_word' id='word_1_29' title='bbox 100 1120 145 1183; x_wconf 90' lang='lat' dir='ltr'><strong>De</strong></span> <span class='ocrx_word' id='word_1_30' title='bbox 166 1141 199 1183; x_wconf 94' lang='lat' dir='ltr'><strong>eo</strong></span> <span class='ocrx_word' id='word_1_31' title='bbox 222 1118 305 1205; x_wconf 90' lang='lat' dir='ltr'><strong>quod</strong></span> <span class='ocrx_word' id='word_1_32' title='bbox 328 1140 391 1181; x_wconf 90' lang='lat' dir='ltr'><strong>non</strong></span> <span class='ocrx_word' id='word_1_33' title='bbox 414 1116 505 1180; x_wconf 90' lang='lat' dir='ltr'><strong>solito</strong></span> <span class='ocrx_word' id='word_1_34' title='bbox 528 1137 628 1192; x_wconf 85' lang='lat' dir='ltr'><strong>more,</strong></span> <span class='ocrx_word' id='word_1_35' title='bbox 641 1138 696 1180; x_wconf 89' lang='lat' dir='ltr'><strong>nec</strong></span> <span class='ocrx_word' id='word_1_36' title='bbox 712 1113 902 1200; x_wconf 79' lang='lat' dir='ltr'>aliquamdiu</span> <span class='ocrx_word' id='word_1_37' title='bbox 917 1115 1026 1193; x_wconf 88' lang='lat' dir='ltr'><strong>fiebat,</strong></span> <span class='ocrx_word' id='word_1_38' title='bbox 1045 1115 1098 1180; x_wconf 89' lang='lat' dir='ltr'><strong>sed</strong></span> <span class='ocrx_word' id='word_1_39' title='bbox 1115 1138 1176 1180; x_wconf 90' lang='lat' dir='ltr'><strong>uno</strong></span> 
     </span>
     <span class='ocr_line' id='line_1_7' title="bbox 100 1226 1179 1313; baseline -0.003 -18"><span class='ocrx_word' id='word_1_40' title='bbox 100 1237 247 1295; x_wconf 88' lang='lat' dir='ltr'><strong>momento</strong></span> <span class='ocrx_word' id='word_1_41' title='bbox 269 1229 432 1313; x_wconf 87' lang='lat' dir='ltr'><strong>temporis,</strong></span> <span class='ocrx_word' id='word_1_42' title='bbox 457 1227 568 1312; x_wconf 89' lang='lat' dir='ltr'><strong>inipso</strong></span> <span class='ocrx_word' id='word_1_43' title='bbox 584 1226 689 1290; x_wconf 89' lang='lat' dir='ltr'><strong>mortis</strong></span> <span class='ocrx_word' id='word_1_44' title='bbox 705 1227 849 1305; x_wconf 86' lang='lat' dir='ltr'><strong>articulo,</strong></span> <span class='ocrx_word' id='word_1_45' title='bbox 866 1227 1096 1312; x_wconf 86' lang='lat' dir='ltr'><strong>imperfectum,</strong></span> <span class='ocrx_word' id='word_1_46' title='bbox 1114 1229 1179 1313; x_wconf 92' lang='lat' dir='ltr'><strong>opi·</strong></span> 
     </span>
     <span class='ocr_line' id='line_1_8' title="bbox 101 1336 807 1422; baseline -0.001 -18"><span class='ocrx_word' id='word_1_47' title='bbox 101 1363 171 1419; x_wconf 86' lang='lat' dir='ltr'><strong>nor,</strong></span> <span class='ocrx_word' id='word_1_48' title='bbox 193 1341 294 1405; x_wconf 90' lang='lat' dir='ltr'><strong>locum</strong></span> <span class='ocrx_word' id='word_1_49' title='bbox 316 1361 379 1403; x_wconf 90' lang='lat' dir='ltr'><strong>non</strong></span> <span class='ocrx_word' id='word_1_50' title='bbox 402 1337 503 1403; x_wconf 85' lang='lat' dir='ltr'><strong>habet.</strong></span> <span class='ocrx_word' id='word_1_51' title='bbox 538 1336 613 1422; x_wconf 79' lang='lat' dir='ltr'><strong>Leg.</strong></span> <span class='ocrx_word' id='word_1_52' title='bbox 638 1337 807 1417; x_wconf 85' lang='grc' dir='ltr'><strong><em>παρέδοσαν.</em></strong></span> 
     </span>
    </p>

    <p class='ocr_par' dir='ltr' id='par_1_4' title="bbox 101 1447 1180 2980">
     <span class='ocr_line' id='line_1_9' title="bbox 141 1447 1179 1537; baseline 0.004 -24"><span class='ocrx_word' id='word_1_53' title='bbox 141 1453 159 1537; x_wconf 62' lang='lat' dir='ltr'><strong>p</strong></span> <span class='ocrx_word' id='word_1_54' title='bbox 181 1453 229 1517; x_wconf 83' lang='grc'><strong>63.</strong></span> <span class='ocrx_word' id='word_1_55' title='bbox 275 1448 322 1523; x_wconf 82' lang='grc' dir='ltr'><strong>οὓς</strong></span> <span class='ocrx_word' id='word_1_56' title='bbox 344 1447 424 1523; x_wconf 79' lang='grc' dir='ltr'><strong><em>οὗτος</em></strong></span> <span class='ocrx_word' id='word_1_57' title='bbox 446 1451 500 1529; x_wconf 58' lang='grc' dir='ltr'><strong>μὲν</strong></span> <span class='ocrx_word' id='word_1_58' title='bbox 521 1449 689 1515; x_wconf 81' lang='grc' dir='ltr'><strong><em>ἀπέκτεινεν</em></strong></span> <span class='ocrx_word' id='word_1_59' title='bbox 712 1452 794 1528; x_wconf 64' lang='lat' dir='ltr'><strong>taur</strong></span> <span class='ocrx_word' id='word_1_60' title='bbox 813 1450 873 1514; x_wconf 80' lang='grc' dir='ltr'><strong>καί</strong></span> <span class='ocrx_word' id='word_1_61' title='bbox 893 1450 1043 1523; x_wconf 84' lang='grc' dir='ltr'><strong><em>ίάνατος</em></strong></span> <span class='ocrx_word' id='word_1_62' title='bbox 1064 1454 1179 1517; x_wconf 79' lang='grc' dir='ltr'><strong><em>αὐτῶν</em></strong></span> 
     </span>
     <span class='ocr_line' id='line_1_10' title="bbox 101 1560 1180 1647; baseline 0.001 -20"><span class='ocrx_word' id='word_1_63' title='bbox 101 1564 339 1639; x_wconf 78' lang='grc' dir='ltr'><strong><em>κατεγνώσθη.</em></strong></span> <span class='ocrx_word' id='word_1_64' title='bbox 381 1561 507 1647; x_wconf 80' lang='lat' dir='ltr'><strong>„Turpe</strong></span> <span class='ocrx_word' id='word_1_65' title='bbox 537 1560 860 1645; x_wconf 81' lang='lat' dir='ltr'><strong>interpretamentum”</strong></span> <span class='ocrx_word' id='word_1_66' title='bbox 891 1560 1006 1626; x_wconf 87' lang='lat' dir='ltr'><strong>iudicat</strong></span> <span class='ocrx_word' id='word_1_67' title='bbox 1029 1569 1180 1646; x_wconf 89' lang='lat' dir='ltr'><strong>postrema</strong></span> 
     </span>
     <span class='ocr_line' id='line_1_11' title="bbox 101 1672 1178 1757; baseline 0.003 -20"><span class='ocrx_word' id='word_1_68' title='bbox 101 1673 325 1740; x_wconf 78' lang='lat' dir='ltr'><strong>Heruerdenus.</strong></span> <span class='ocrx_word' id='word_1_69' title='bbox 372 1673 453 1737; x_wconf 88' lang='lat' dir='ltr'>Mihi</span> <span class='ocrx_word' id='word_1_70' title='bbox 476 1694 562 1737; x_wconf 90' lang='lat' dir='ltr'><strong>secus</strong></span> <span class='ocrx_word' id='word_1_71' title='bbox 586 1672 715 1736; x_wconf 84' lang='lat' dir='ltr'><strong>videtur.</strong></span> <span class='ocrx_word' id='word_1_72' title='bbox 762 1672 928 1757; x_wconf 84' lang='lat' dir='ltr'><strong>Postquam</strong></span> <span class='ocrx_word' id='word_1_73' title='bbox 945 1673 1178 1740; x_wconf 84' lang='lat' dir='ltr'><strong>interfecturum</strong></span> 
     </span>
     <span class='ocr_line' id='line_1_12' title="bbox 101 1783 1170 1870; baseline 0.003 -22"><span class='ocrx_word' id='word_1_74' title='bbox 101 1784 189 1849; x_wconf 83' lang='lat' dir='ltr'><strong>fuisse</strong></span> <span class='ocrx_word' id='word_1_75' title='bbox 217 1786 387 1870; x_wconf 73' lang='lat' dir='ltr'><strong>Agoratum</strong></span> <span class='ocrx_word' id='word_1_76' title='bbox 416 1784 485 1849; x_wconf 91' lang='lat' dir='ltr'><strong>illos</strong></span> <span class='ocrx_word' id='word_1_77' title='bbox 516 1784 611 1862; x_wconf 86' lang='lat' dir='ltr'>dixit,</span> <span class='ocrx_word' id='word_1_78' title='bbox 643 1807 705 1848; x_wconf 90' lang='lat' dir='ltr'><strong>non</strong></span> <span class='ocrx_word' id='word_1_79' title='bbox 735 1783 844 1847; x_wconf 86' lang='lat' dir='ltr'><strong>inutile</strong></span> <span class='ocrx_word' id='word_1_80' title='bbox 876 1792 940 1847; x_wconf 89' lang='lat' dir='ltr'><strong>erat</strong></span> <span class='ocrx_word' id='word_1_81' title='bbox 969 1784 1078 1850; x_wconf 87' lang='lat' dir='ltr'><strong>addere</strong></span> <span class='ocrx_word' id='word_1_82' title='bbox 1102 1808 1170 1865; x_wconf 87' lang='lat' dir='ltr'><strong>eos,</strong></span> 
     </span>
     <span class='ocr_line' id='line_1_13' title="bbox 101 1894 1175 1982; baseline 0.003 -24"><span class='ocrx_word' id='word_1_83' title='bbox 101 1894 168 1960; x_wconf 90' lang='lat' dir='ltr'><strong>licet</strong></span> <span class='ocrx_word' id='word_1_84' title='bbox 188 1896 364 1982; x_wconf 85' lang='lat' dir='ltr'><strong>superstites</strong></span> <span class='ocrx_word' id='word_1_85' title='bbox 387 1904 455 1958; x_wconf 86' lang='lat' dir='ltr'><strong>tum</strong></span> <span class='ocrx_word' id='word_1_86' title='bbox 478 1902 597 1973; x_wconf 85' lang='lat' dir='ltr'><strong>essent,</strong></span> <span class='ocrx_word' id='word_1_87' title='bbox 624 1901 724 1959; x_wconf 87' lang='lat' dir='ltr'><strong>tamen</strong></span> <span class='ocrx_word' id='word_1_88' title='bbox 748 1917 781 1958; x_wconf 91' lang='lat' dir='ltr'><strong>re</strong></span> <span class='ocrx_word' id='word_1_89' title='bbox 803 1916 874 1958; x_wconf 84' lang='lat' dir='ltr'><strong>vera</strong></span> <span class='ocrx_word' id='word_1_90' title='bbox 896 1894 994 1979; x_wconf 83' lang='lat' dir='ltr'><strong>capite</strong></span> <span class='ocrx_word' id='word_1_91' title='bbox 1017 1895 1175 1961; x_wconf 85' lang='lat' dir='ltr'><strong>damnatos</strong></span> 
     </span>
     <span class='ocr_line' id='line_1_14' title="bbox 102 2007 1174 2092; baseline 0.003 -21"><span class='ocrx_word' id='word_1_92' title='bbox 102 2007 204 2085; x_wconf 78' lang='lat' dir='ltr'><strong>tuisse,</strong></span> <span class='ocrx_word' id='word_1_93' title='bbox 228 2018 263 2072; x_wconf 91' lang='lat' dir='ltr'><strong>ut</strong></span> <span class='ocrx_word' id='word_1_94' title='bbox 287 2015 436 2091; x_wconf 87' lang='lat' dir='ltr'><strong>quantum</strong></span> <span class='ocrx_word' id='word_1_95' title='bbox 457 2007 489 2070; x_wconf 82' lang='lat' dir='ltr'><strong>in</strong></span> <span class='ocrx_word' id='word_1_96' title='bbox 517 2007 582 2091; x_wconf 93' lang='lat' dir='ltr'><strong>ipso</strong></span> <span class='ocrx_word' id='word_1_97' title='bbox 604 2012 683 2070; x_wconf 85' lang='lat' dir='ltr'><strong>esset</strong></span> <span class='ocrx_word' id='word_1_98' title='bbox 697 2027 730 2069; x_wconf 89' lang='lat' dir='ltr'><strong>re</strong></span> <span class='ocrx_word' id='word_1_99' title='bbox 744 2028 815 2069; x_wconf 81' lang='lat' dir='ltr'><strong>veru</strong></span> <span class='ocrx_word' id='word_1_100' title='bbox 829 2007 996 2091; x_wconf 82' lang='lat' dir='ltr'><strong>peregisset</strong></span> <span class='ocrx_word' id='word_1_101' title='bbox 1012 2009 1174 2092; x_wconf 79' lang='lat' dir='ltr'><strong>Agoratus.</strong></span> 
     </span>
     <span class='ocr_line' id='line_1_15' title="bbox 102 2117 1175 2204; baseline 0.004 -22"><span class='ocrx_word' id='word_1_102' title='bbox 102 2118 310 2204; x_wconf 82' lang='lat' dir='ltr'><strong>Imperfectum</strong></span> <span class='ocrx_word' id='word_1_103' title='bbox 345 2120 464 2184; x_wconf 80' lang='grc' dir='ltr'><strong><em>ἔκτεινον</em></strong></span> <span class='ocrx_word' id='word_1_104' title='bbox 498 2141 587 2204; x_wconf 83' lang='lat' dir='ltr'><strong>saepe</strong></span> <span class='ocrx_word' id='word_1_105' title='bbox 621 2126 748 2182; x_wconf 90' lang='lat' dir='ltr'><strong>conatus</strong></span> <span class='ocrx_word' id='word_1_106' title='bbox 784 2117 895 2182; x_wconf 90' lang='lat' dir='ltr'><strong>habere</strong></span> <span class='ocrx_word' id='word_1_107' title='bbox 925 2119 1175 2203; x_wconf 84' lang='lat' dir='ltr'><strong>significationem</strong></span> 
     </span>
     <span class='ocr_line' id='line_1_16' title="bbox 103 2217 1176 2318; baseline 0.003 -25"><span class='ocrx_word' id='word_1_108' title='bbox 103 2230 201 2297; x_wconf 90' lang='lat' dir='ltr'><strong>docere</strong></span> <span class='ocrx_word' id='word_1_109' title='bbox 232 2240 334 2318; x_wconf 91' lang='lat' dir='ltr'><strong>potest</strong></span> <span class='ocrx_word' id='word_1_110' title='bbox 363 2231 499 2296; x_wconf 86' lang='lat' dir='ltr'><strong>Brunck.</strong></span> <span class='ocrx_word' id='word_1_111' title='bbox 532 2229 571 2293; x_wconf 93' lang='lat' dir='ltr'><strong>ad</strong></span> <span class='ocrx_word' id='word_1_112' title='bbox 595 2217 694 2315; x_wconf 78' lang='lat' dir='ltr'><strong>Soph.</strong></span> <span class='ocrx_word' id='word_1_113' title='bbox 726 2227 764 2293; x_wconf 93' lang='grc' dir='ltr'><strong>Ο.</strong></span> <span class='ocrx_word' id='word_1_114' title='bbox 795 2229 830 2293; x_wconf 82' lang='grc' dir='ltr'><strong>Τ.</strong></span> <span class='ocrx_word' id='word_1_115' title='bbox 865 2233 968 2308; x_wconf 91' lang='grc'>1454,</span> <span class='ocrx_word' id='word_1_116' title='bbox 1000 2230 1108 2295; x_wconf 76' lang='lat' dir='ltr'><strong>Elmsl.</strong></span> <span class='ocrx_word' id='word_1_117' title='bbox 1137 2232 1176 2296; x_wconf 90' lang='lat' dir='ltr'><strong>ad</strong></span> 
     </span>
     <span class='ocr_line' id='line_1_17' title="bbox 104 2322 1176 2424; baseline 0.001 -19"><span class='ocrx_word' id='word_1_118' title='bbox 104 2341 217 2407; x_wconf 89' lang='lat' dir='ltr'><strong>Heracl.</strong></span> <span class='ocrx_word' id='word_1_119' title='bbox 245 2345 340 2406; x_wconf 81' lang='lat'><strong>1003.</strong></span> <span class='ocrx_word' id='word_1_120' title='bbox 352 2381 397 2392; x_wconf 89' lang='lat'><em>-</em></span> <span class='ocrx_word' id='word_1_121' title='bbox 409 2341 465 2406; x_wconf 75' lang='grc' dir='ltr'><strong>Καὶ</strong></span> <span class='ocrx_word' id='word_1_122' title='bbox 489 2340 609 2412; x_wconf 84' lang='grc' dir='ltr'><strong><em>ίάνατος</em></strong></span> <span class='ocrx_word' id='word_1_123' title='bbox 633 2344 726 2405; x_wconf 80' lang='grc' dir='ltr'><strong><em>αὐτῶν</em></strong></span> <span class='ocrx_word' id='word_1_124' title='bbox 749 2362 803 2424; x_wconf 92' lang='lat' dir='ltr'><strong>pro</strong></span> <span class='ocrx_word' id='word_1_125' title='bbox 816 2341 865 2405; x_wconf 82' lang='grc' dir='ltr'><strong>καί</strong></span> <span class='ocrx_word' id='word_1_126' title='bbox 877 2337 912 2404; x_wconf 81' lang='grc' dir='ltr'><strong>ὧν</strong></span> <span class='ocrx_word' id='word_1_127' title='bbox 928 2339 1049 2413; x_wconf 85' lang='grc' dir='ltr'><strong><em>ίάνατος</em></strong></span> <span class='ocrx_word' id='word_1_128' title='bbox 1066 2322 1176 2406; x_wconf 85' lang='lat' dir='ltr'><strong>omissa</strong></span> 
     </span>
     <span class='ocr_line' id='line_1_18' title="bbox 106 2438 1177 2531; baseline 0.001 -15"><span class='ocrx_word' id='word_1_129' title='bbox 106 2455 324 2519; x_wconf 87' lang='lat' dir='ltr'><strong>constructione</strong></span> <span class='ocrx_word' id='word_1_130' title='bbox 353 2438 481 2518; x_wconf 70' lang='lat' dir='ltr'><strong>relativa</strong></span> <span class='ocrx_word' id='word_1_131' title='bbox 510 2460 545 2516; x_wconf 93' lang='lat' dir='ltr'><strong>ut</strong></span> <span class='ocrx_word' id='word_1_132' title='bbox 578 2455 628 2516; x_wconf 91' lang='grc'><strong>14.</strong></span> <span class='ocrx_word' id='word_1_133' title='bbox 663 2454 721 2518; x_wconf 77' lang='grc' dir='ltr'><strong>11ι</strong></span> <span class='ocrx_word' id='word_1_134' title='bbox 751 2448 780 2523; x_wconf 80' lang='grc' dir='ltr'><strong>ὃς</strong></span> <span class='ocrx_word' id='word_1_135' title='bbox 804 2451 891 2523; x_wconf 78' lang='grc' dir='ltr'><strong><em>αὐτὸς</em></strong></span> <span class='ocrx_word' id='word_1_136' title='bbox 914 2452 967 2530; x_wconf 82' lang='grc' dir='ltr'><strong>μὲν</strong></span> <span class='ocrx_word' id='word_1_137' title='bbox 989 2438 1039 2518; x_wconf 79' lang='grc' dir='ltr'><strong>οὐκ</strong></span> <span class='ocrx_word' id='word_1_138' title='bbox 1062 2454 1177 2531; x_wconf 80' lang='grc' dir='ltr'><strong><em>ἐτόλμα</em></strong></span> 
     </span>
     <span class='ocr_line' id='line_1_19' title="bbox 104 2563 1176 2646; baseline 0.003 -18"><span class='ocrx_word' id='word_1_139' title='bbox 104 2564 157 2639; x_wconf 77' lang='grc' dir='ltr'><strong><em>μεθ’</em></strong></span> <span class='ocrx_word' id='word_1_140' title='bbox 188 2565 266 2643; x_wconf 83' lang='grc' dir='ltr'><strong><em>ὑμῶν</em></strong></span> <span class='ocrx_word' id='word_1_141' title='bbox 296 2564 465 2646; x_wconf 85' lang='grc' dir='ltr'><strong><em>μάχεσίαι,</em></strong></span> <span class='ocrx_word' id='word_1_142' title='bbox 495 2565 508 2629; x_wconf 75' lang='grc' dir='ltr'><strong>ο’</strong></span> <span class='ocrx_word' id='word_1_143' title='bbox 539 2563 569 2627; x_wconf 81' lang='grc' dir='ltr'><strong>δὲ</strong></span> <span class='ocrx_word' id='word_1_144' title='bbox 600 2564 696 2642; x_wconf 78' lang='grc' dir='ltr'><strong><em>πατηρ</em></strong></span> <span class='ocrx_word' id='word_1_145' title='bbox 726 2566 815 2627; x_wconf 81' lang='grc' dir='ltr'><strong><em>αὐτοῦ</em></strong></span> <span class='ocrx_word' id='word_1_146' title='bbox 847 2563 927 2638; x_wconf 85' lang='grc' dir='ltr'><strong>μετά</strong></span> <span class='ocrx_word' id='word_1_147' title='bbox 951 2569 1016 2628; x_wconf 80' lang='grc' dir='ltr'><strong>τῶν</strong></span> <span class='ocrx_word' id='word_1_148' title='bbox 1031 2568 1176 2641; x_wconf 86' lang='grc' dir='ltr'><strong><em>πολεμίων</em></strong></span> 
     </span>
     <span class='ocr_line' id='line_1_20' title="bbox 103 2672 1177 2757; baseline 0.002 -17"><span class='ocrx_word' id='word_1_149' title='bbox 103 2672 170 2749; x_wconf 79' lang='grc' dir='ltr'><strong><em>ἠξίου</em></strong></span> <span class='ocrx_word' id='word_1_150' title='bbox 200 2675 417 2757; x_wconf 77' lang='grc' dir='ltr'><strong><em>στρατεύεσθαι.</em></strong></span> <span class='ocrx_word' id='word_1_151' title='bbox 457 2677 509 2738; x_wconf 96' lang='grc'><strong>25.</strong></span> <span class='ocrx_word' id='word_1_152' title='bbox 537 2677 594 2737; x_wconf 86' lang='lat' dir='ltr'><strong>ll:</strong></span> <span class='ocrx_word' id='word_1_153' title='bbox 622 2672 678 2738; x_wconf 84' lang='grc' dir='ltr'><strong><em>ἀσοι</em></strong></span> <span class='ocrx_word' id='word_1_154' title='bbox 701 2673 731 2737; x_wconf 81' lang='grc' dir='ltr'><strong>δὲ</strong></span> <span class='ocrx_word' id='word_1_155' title='bbox 752 2673 801 2738; x_wconf 79' lang='grc' dir='ltr'><strong>τὸν</strong></span> <span class='ocrx_word' id='word_1_156' title='bbox 824 2674 910 2749; x_wconf 79' lang='grc' dir='ltr'><strong><em>δῆμον</em></strong></span> <span class='ocrx_word' id='word_1_157' title='bbox 933 2678 1033 2740; x_wconf 88' lang='grc' dir='ltr'><strong><em>πολλά</em></strong></span> <span class='ocrx_word' id='word_1_158' title='bbox 1056 2679 1177 2754; x_wconf 79' lang='grc' dir='ltr'><strong><em>κάγαάἀ</em></strong></span> 
     </span>
     <span class='ocr_line' id='line_1_21' title="bbox 103 2784 1176 2869; baseline 0.005 -22"><span class='ocrx_word' id='word_1_159' title='bbox 103 2784 273 2866; x_wconf 77' lang='grc' dir='ltr'><strong><em>εἰργασμένοι</em></strong></span> <span class='ocrx_word' id='word_1_160' title='bbox 300 2787 370 2868; x_wconf 79' lang='grc' dir='ltr'><strong><em>εἰσί,</em></strong></span> <span class='ocrx_word' id='word_1_161' title='bbox 402 2785 488 2850; x_wconf 85' lang='grc' dir='ltr'><strong><em>κακδν</em></strong></span> <span class='ocrx_word' id='word_1_162' title='bbox 519 2786 548 2850; x_wconf 80' lang='grc' dir='ltr'><strong>δὲ</strong></span> <span class='ocrx_word' id='word_1_163' title='bbox 578 2786 665 2862; x_wconf 77' lang='grc' dir='ltr'><strong><em>μηδὲν</em></strong></span> <span class='ocrx_word' id='word_1_164' title='bbox 695 2787 829 2861; x_wconf 81' lang='grc' dir='ltr'><strong><em>πώποτε,</em></strong></span> <span class='ocrx_word' id='word_1_165' title='bbox 853 2788 1006 2869; x_wconf 78' lang='grc' dir='ltr'><strong><em>ὀφείλεται</em></strong></span> <span class='ocrx_word' id='word_1_166' title='bbox 1029 2785 1053 2851; x_wconf 87' lang='grc' dir='ltr'><strong>δ’</strong></span> <span class='ocrx_word' id='word_1_167' title='bbox 1078 2791 1176 2861; x_wconf 80' lang='grc' dir='ltr'><strong><em>αὐτοῖς</em></strong></span> 
     </span>
     <span class='ocr_line' id='line_1_22' title="bbox 103 2895 1176 2980; baseline 0.003 -18"><span class='ocrx_word' id='word_1_168' title='bbox 103 2897 180 2980; x_wconf 89' lang='grc' dir='ltr'><strong><em>χάριν</em></strong></span> <span class='ocrx_word' id='word_1_169' title='bbox 202 2899 377 2977; x_wconf 75' lang='grc' dir='ltr'><strong><em>κομίσασθαι</em></strong></span> <span class='ocrx_word' id='word_1_170' title='bbox 400 2897 469 2978; x_wconf 74' lang='grc' dir='ltr'><strong><em>παρ’</em></strong></span> <span class='ocrx_word' id='word_1_171' title='bbox 493 2899 580 2974; x_wconf 81' lang='grc' dir='ltr'><strong><em>ὑμῶν.</em></strong></span> <span class='ocrx_word' id='word_1_172' title='bbox 628 2895 675 2960; x_wconf 82' lang='lat' dir='ltr'><strong>Of.</strong></span> <span class='ocrx_word' id='word_1_173' title='bbox 699 2898 791 2960; x_wconf 84' lang='lat' dir='ltr'><strong>etiam</strong></span> <span class='ocrx_word' id='word_1_174' title='bbox 809 2899 838 2960; x_wconf 93' lang='lat' dir='ltr'><strong>l.</strong></span> <span class='ocrx_word' id='word_1_175' title='bbox 855 2900 916 2975; x_wconf 85' lang='grc'><strong>49,</strong></span> <span class='ocrx_word' id='word_1_176' title='bbox 940 2900 991 2961; x_wconf 90' lang='grc'><strong>14.</strong></span> <span class='ocrx_word' id='word_1_177' title='bbox 1011 2899 1062 2977; x_wconf 89' lang='grc'><strong>17,</strong></span> <span class='ocrx_word' id='word_1_178' title='bbox 1079 2898 1176 2965; x_wconf 78' lang='lat' dir='ltr'><strong>Thus.</strong></span> 
     </span>
    </p>
   </div>
   <div class='ocr_carea' id='block_1_3' title="bbox 103 3003 1176 3202">
    <p class='ocr_par' dir='ltr' id='par_1_5' title="bbox 103 3003 1176 3202">
     <span class='ocr_line' id='line_1_23' title="bbox 103 3003 1176 3093; baseline 0.004 -22"><span class='ocrx_word' id='word_1_179' title='bbox 103 3005 139 3072; x_wconf 91' lang='grc' dir='ltr'><strong>Π.</strong></span> <span class='ocrx_word' id='word_1_180' title='bbox 162 3014 193 3073; x_wconf 90' lang='grc'><strong>4.</strong></span> <span class='ocrx_word' id='word_1_181' title='bbox 218 3011 256 3072; x_wconf 83' lang='grc'><strong>3;</strong></span> <span class='ocrx_word' id='word_1_182' title='bbox 288 3009 471 3080; x_wconf 86' lang='grc' dir='ltr'><strong><em>ε’ςπίπτουσιν</em></strong></span> <span class='ocrx_word' id='word_1_183' title='bbox 494 3010 523 3079; x_wconf 82' lang='grc' dir='ltr'><strong>ἐς</strong></span> <span class='ocrx_word' id='word_1_184' title='bbox 547 3006 654 3085; x_wconf 90' lang='grc' dir='ltr'><strong><em>οίκημα</em></strong></span> <span class='ocrx_word' id='word_1_185' title='bbox 676 3005 777 3084; x_wconf 85' lang='grc' dir='ltr'><strong><em>μέγα,</em></strong></span> <span class='ocrx_word' id='word_1_186' title='bbox 803 3004 816 3071; x_wconf 79' lang='grc' dir='ltr'>ὃ</span> <span class='ocrx_word' id='word_1_187' title='bbox 839 3003 872 3081; x_wconf 82' lang='grc' dir='ltr'><strong>ἦν</strong></span> <span class='ocrx_word' id='word_1_188' title='bbox 896 3014 946 3072; x_wconf 80' lang='grc' dir='ltr'><strong>τοῦ</strong></span> <span class='ocrx_word' id='word_1_189' title='bbox 969 3011 1103 3093; x_wconf 80' lang='grc' dir='ltr'><strong>τείχους,</strong></span> <span class='ocrx_word' id='word_1_190' title='bbox 1126 3011 1176 3076; x_wconf 78' lang='grc' dir='ltr'><strong>καί</strong></span> 
     </span>
     <span class='ocr_line' id='line_1_24' title="bbox 105 3117 1174 3202; baseline 0.001 -17"><span class='ocrx_word' id='word_1_191' title='bbox 105 3121 130 3184; x_wconf 78' lang='grc' dir='ltr'><strong>αἱ</strong></span> <span class='ocrx_word' id='word_1_192' title='bbox 158 3120 278 3196; x_wconf 92' lang='grc' dir='ltr'><strong><em>πλησίον</em></strong></span> <span class='ocrx_word' id='word_1_193' title='bbox 308 3119 386 3195; x_wconf 79' lang='grc' dir='ltr'><strong><em>δυ’ραι</em></strong></span> <span class='ocrx_word' id='word_1_194' title='bbox 416 3118 594 3197; x_wconf 70' lang='grc' dir='ltr'><strong><em>ἀνεῳγμένα</em></strong></span> <span class='ocrx_word' id='word_1_195' title='bbox 621 3117 725 3197; x_wconf 80' lang='grc' dir='ltr'><strong><em>ἔτυχον</em></strong></span> <span class='ocrx_word' id='word_1_196' title='bbox 749 3119 848 3183; x_wconf 79' lang='grc' dir='ltr'><strong><em>αὐτοῦ.</em></strong></span> <span class='ocrx_word' id='word_1_197' title='bbox 896 3117 1011 3202; x_wconf 77' lang='lat' dir='ltr'><strong>(Dein.)</strong></span> <span class='ocrx_word' id='word_1_198' title='bbox 1037 3123 1089 3184; x_wconf 93' lang='grc'><strong>25.</strong></span> <span class='ocrx_word' id='word_1_199' title='bbox 1116 3123 1174 3186; x_wconf 85' lang='lat'><strong>81:</strong></span> 
     </span>
    </p>
   </div>
   <div class='ocr_carea' id='block_1_4' title="bbox 104 3227 1176 3310">
    <p class='ocr_par' dir='ltr' id='par_1_6' title="bbox 104 3227 1176 3310">
     <span class='ocr_line' id='line_1_25' title="bbox 104 3227 1176 3310; baseline 0.004 -18"><span class='ocrx_word' id='word_1_200' title='bbox 104 3228 218 3296; x_wconf 83' lang='grc' dir='ltr'><strong><em>ἀκοινά</em></strong></span> <span class='ocrx_word' id='word_1_201' title='bbox 239 3234 272 3304; x_wconf 75' lang='grc' dir='ltr'><strong>νη</strong></span> <span class='ocrx_word' id='word_1_202' title='bbox 295 3231 355 3295; x_wconf 94' lang='grc' dir='ltr'><strong>Δία</strong></span> <span class='ocrx_word' id='word_1_203' title='bbox 379 3232 467 3293; x_wconf 81' lang='grc' dir='ltr'><strong><em>πάσιν</em></strong></span> <span class='ocrx_word' id='word_1_204' title='bbox 489 3229 617 3309; x_wconf 84' lang='grc' dir='ltr'><strong><em>ὑπάρχει</em></strong></span> <span class='ocrx_word' id='word_1_205' title='bbox 640 3235 699 3300; x_wconf 82' lang='grc' dir='ltr'><strong><em>τοῖς</em></strong></span> <span class='ocrx_word' id='word_1_206' title='bbox 721 3227 935 3309; x_wconf 83' lang='grc' dir='ltr'><strong><em>ἀγωνιζομένοις</em></strong></span> <span class='ocrx_word' id='word_1_207' title='bbox 955 3231 1037 3310; x_wconf 85' lang='grc' dir='ltr'><strong><em>παρδι</em></strong></span> <span class='ocrx_word' id='word_1_208' title='bbox 1052 3239 1104 3306; x_wconf 75' lang='grc' dir='ltr'><strong>τῆς</strong></span> <span class='ocrx_word' id='word_1_209' title='bbox 1120 3240 1176 3297; x_wconf 78' lang='grc' dir='ltr'><strong>τῶν</strong></span> 
     </span>
    </p>
   </div>
   <div class='ocr_carea' id='block_1_5' title="bbox 106 3338 1177 3424">
    <p class='ocr_par' dir='ltr' id='par_1_7' title="bbox 12 3338 1177 3425">
     <span class='ocr_line' id='line_1_26' title="bbox 106 3338 1177 3424; baseline 0.004 -21.597"><span class='ocrx_word' id='word_1_210' title='bbox 106 3339 196 3405; x_wconf 80' lang='grc' dir='ltr'><strong><em>σίλλων</em></strong></span> <span class='ocrx_word' id='word_1_211' title='bbox 225 3342 358 3424; x_wconf 80' lang='grc' dir='ltr'><strong><em>φύσεως,</em></strong></span> <span class='ocrx_word' id='word_1_212' title='bbox 390 3342 439 3404; x_wconf 79' lang='grc' dir='ltr'><strong>καί</strong></span> <span class='ocrx_word' id='word_1_213' title='bbox 475 3338 563 3410; x_wconf 76' lang='grc' dir='ltr'><strong><em>οὐδεὶς</em></strong></span> <span class='ocrx_word' id='word_1_214' title='bbox 594 3339 681 3410; x_wconf 80' lang='grc' dir='ltr'><strong><em>αὐτὸς</em></strong></span> <span class='ocrx_word' id='word_1_215' title='bbox 704 3340 796 3420; x_wconf 80' lang='grc' dir='ltr'><strong><em>ἑαυτῷ</em></strong></span> <span class='ocrx_word' id='word_1_216' title='bbox 819 3344 920 3405; x_wconf 84' lang='grc' dir='ltr'><strong><em>ταῦτα</em></strong></span> <span class='ocrx_word' id='word_1_217' title='bbox 942 3342 1021 3420; x_wconf 82' lang='grc' dir='ltr'><strong><em>Φέρει</em></strong></span> <span class='ocrx_word' id='word_1_218' title='bbox 1045 3347 1099 3406; x_wconf 81' lang='grc' dir='ltr'><strong>τῶν</strong></span> <span class='ocrx_word' id='word_1_219' title='bbox 1121 3367 1177 3423; x_wconf 87' lang='grc' dir='ltr'><strong><em>κρι-</em></strong></span> 
     </span>
    </p>
   </div>
   <div class='ocr_carea' id='block_1_6' title="bbox 106 3448 1178 3537">
    <p class='ocr_par' dir='ltr' id='par_1_8' title="bbox 106 3448 1178 3537">
     <span class='ocr_line' id='line_1_27' title="bbox 106 3448 1178 3537; baseline 0.004 -24"><span class='ocrx_word' id='word_1_220' title='bbox 106 3453 225 3528; x_wconf 88' lang='grc' dir='ltr'><strong><em>νομένων.</em></strong></span> <span class='ocrx_word' id='word_1_221' title='bbox 271 3452 342 3537; x_wconf 86' lang='lat' dir='ltr'><strong>Lys.</strong></span> <span class='ocrx_word' id='word_1_222' title='bbox 368 3454 420 3515; x_wconf 91' lang='grc'><strong>25.</strong></span> <span class='ocrx_word' id='word_1_223' title='bbox 445 3454 504 3515; x_wconf 83' lang='grc' dir='ltr'><strong>3οε</strong></span> <span class='ocrx_word' id='word_1_224' title='bbox 536 3448 562 3514; x_wconf 84' lang='grc' dir='ltr'><strong>οἳ</strong></span> <span class='ocrx_word' id='word_1_225' title='bbox 591 3456 639 3515; x_wconf 80' lang='grc' dir='ltr'><strong>νῦν</strong></span> <span class='ocrx_word' id='word_1_226' title='bbox 661 3450 855 3532; x_wconf 75' lang='grc' dir='ltr'><strong><em>δημοκρατίας</em></strong></span> <span class='ocrx_word' id='word_1_227' title='bbox 878 3452 962 3527; x_wconf 76' lang='grc' dir='ltr'><strong><em>οὔσης</em></strong></span> <span class='ocrx_word' id='word_1_228' title='bbox 985 3453 1084 3517; x_wconf 85' lang='grc' dir='ltr'><strong>ταύτά</strong></span> <span class='ocrx_word' id='word_1_229' title='bbox 1106 3454 1178 3518; x_wconf 83' lang='grc' dir='ltr'><strong><em>ε’κεί-</em></strong></span> 
     </span>
    </p>
   </div>
   <div class='ocr_carea' id='block_1_7' title="bbox 12 3559 1179 3649">
    <p class='ocr_par' dir='ltr' id='par_1_9' title="bbox 12 3559 1179 3649">
     <span class='ocr_line' id='line_1_28' title="bbox 12 3559 1179 3649; baseline 0.003 -25"><span class='ocrx_word' id='word_1_230' title='bbox 12 3644 13 3649; x_wconf 12' lang='lat'>¹</span> <span class='ocrx_word' id='word_1_231' title='bbox 108 3585 155 3633; x_wconf 84' lang='grc' dir='ltr'><strong><em>νοις</em></strong></span> <span class='ocrx_word' id='word_1_232' title='bbox 186 3563 342 3645; x_wconf 90' lang='grc' dir='ltr'><strong><em>πράττουοι</em></strong></span> <span class='ocrx_word' id='word_1_233' title='bbox 369 3600 413 3611; x_wconf 92' lang='grc'>-</span> <span class='ocrx_word' id='word_1_234' title='bbox 436 3563 484 3627; x_wconf 87' lang='grc' dir='ltr'><strong>διά</strong></span> <span class='ocrx_word' id='word_1_235' title='bbox 506 3560 622 3633; x_wconf 79' lang='grc' dir='ltr'><strong><em>τούτους</em></strong></span> <span class='ocrx_word' id='word_1_236' title='bbox 645 3559 804 3626; x_wconf 82' lang='grc' dir='ltr'><strong><em>δ’ἀπιστοι</em></strong></span> <span class='ocrx_word' id='word_1_237' title='bbox 827 3570 886 3633; x_wconf 79' lang='grc' dir='ltr'><strong><em>τοῖς</em></strong></span> <span class='ocrx_word' id='word_1_238' title='bbox 909 3563 1034 3638; x_wconf 79' lang='grc' dir='ltr'><strong><em>Ἕλλησι</em></strong></span> <span class='ocrx_word' id='word_1_239' title='bbox 1057 3565 1179 3640; x_wconf 76' lang='grc' dir='ltr'><strong><em>γεγενη-</em></strong></span> 
     </span>
    </p>
   </div>
   <div class='ocr_carea' id='block_1_8' title="bbox 12 3660 1181 4536">
    <p class='ocr_par' dir='ltr' id='par_1_10' title="bbox 12 3660 1181 4536">
     <span class='ocr_line' id='line_1_29' title="bbox 12 3660 1179 3765; baseline 0.001 -29"><span class='ocrx_word' id='word_1_240' title='bbox 12 3660 13 3697; x_wconf 62' lang='lat'><em>³</em></span> <span class='ocrx_word' id='word_1_241' title='bbox 109 3675 185 3748; x_wconf 83' lang='grc' dir='ltr'><strong><em>μεία.</em></strong></span> <span class='ocrx_word' id='word_1_242' title='bbox 218 3674 267 3738; x_wconf 87' lang='lat' dir='ltr'><strong>Id.</strong></span> <span class='ocrx_word' id='word_1_243' title='bbox 293 3676 322 3737; x_wconf 86' lang='lat'><strong>1.</strong></span> <span class='ocrx_word' id='word_1_244' title='bbox 347 3674 406 3738; x_wconf 78' lang='grc' dir='ltr'><strong>27ε</strong></span> <span class='ocrx_word' id='word_1_245' title='bbox 432 3679 492 3743; x_wconf 79' lang='grc' dir='ltr'><strong>πῶς</strong></span> <span class='ocrx_word' id='word_1_246' title='bbox 514 3673 574 3753; x_wconf 85' lang='grc' dir='ltr'><strong>γάρ</strong></span> <span class='ocrx_word' id='word_1_247' title='bbox 597 3669 651 3746; x_wconf 88' lang='grc' dir='ltr'><strong>ἀν,</strong></span> <span class='ocrx_word' id='word_1_248' title='bbox 678 3669 756 3743; x_wconf 85' lang='grc' dir='ltr'><strong><em>ἀστις</em></strong></span> <span class='ocrx_word' id='word_1_249' title='bbox 782 3672 811 3735; x_wconf 85' lang='grc' dir='ltr'><strong>έν</strong></span> <span class='ocrx_word' id='word_1_250' title='bbox 833 3673 873 3752; x_wconf 80' lang='grc' dir='ltr'><strong>τῷ</strong></span> <span class='ocrx_word' id='word_1_251' title='bbox 896 3672 1030 3765; x_wconf 76' lang='grc' dir='ltr'><strong><em>δωματίῳ</em></strong></span> <span class='ocrx_word' id='word_1_252' title='bbox 1053 3673 1179 3750; x_wconf 79' lang='grc' dir='ltr'><strong><em>πληγείς</em></strong></span> 
     </span>
     <span class='ocr_line' id='line_1_30' title="bbox 110 3780 1179 3863; baseline 0.004 -18"><span class='ocrx_word' id='word_1_253' title='bbox 110 3786 258 3850; x_wconf 87' lang='grc' dir='ltr'><strong><em>κατέπεσεν</em></strong></span> <span class='ocrx_word' id='word_1_254' title='bbox 281 3783 375 3858; x_wconf 69' lang='lat' dir='ltr'><strong>sectr,</strong></span> <span class='ocrx_word' id='word_1_255' title='bbox 400 3783 593 3863; x_wconf 78' lang='grc' dir='ltr'><strong><em>περιέστρεψα</em></strong></span> <span class='ocrx_word' id='word_1_256' title='bbox 616 3783 640 3845; x_wconf 82' lang='grc' dir='ltr'><strong>δ’</strong></span> <span class='ocrx_word' id='word_1_257' title='bbox 665 3784 754 3847; x_wconf 79' lang='grc' dir='ltr'><strong><em>αὐτοῦ</em></strong></span> <span class='ocrx_word' id='word_1_258' title='bbox 776 3782 816 3846; x_wconf 82' lang='grc' dir='ltr'><strong>τὼ</strong></span> <span class='ocrx_word' id='word_1_259' title='bbox 834 3788 925 3861; x_wconf 83' lang='grc' dir='ltr'><strong><em>χεῖρε.</em></strong></span> <span class='ocrx_word' id='word_1_260' title='bbox 962 3784 1014 3846; x_wconf 85' lang='grc'><strong>32.</strong></span> <span class='ocrx_word' id='word_1_261' title='bbox 1033 3785 1093 3848; x_wconf 80' lang='grc' dir='ltr'><strong>2ίι</strong></span> <span class='ocrx_word' id='word_1_262' title='bbox 1109 3780 1130 3847; x_wconf 84' lang='grc' dir='ltr'><strong><em>ἀ</em></strong></span> <span class='ocrx_word' id='word_1_263' title='bbox 1145 3785 1179 3849; x_wconf 77' lang='grc' dir='ltr'><strong>δι’</strong></span> 
     </span>
     <span class='ocr_line' id='line_1_31' title="bbox 111 3890 1180 3979; baseline 0.002 -21"><span class='ocrx_word' id='word_1_264' title='bbox 111 3894 198 3975; x_wconf 79' lang='grc' dir='ltr'><strong><em>ἑτέρων</em></strong></span> <span class='ocrx_word' id='word_1_265' title='bbox 222 3893 426 3979; x_wconf 25' lang='grc' dir='ltr'><strong><em>ε’πράχίηικαδ</em></strong></span> <span class='ocrx_word' id='word_1_266' title='bbox 449 3895 480 3957; x_wconf 81' lang='grc' dir='ltr'><strong>οὐ</strong></span> <span class='ocrx_word' id='word_1_267' title='bbox 502 3895 639 3974; x_wconf 82' lang='grc' dir='ltr'><strong><em>χαλεπὸν</em></strong></span> <span class='ocrx_word' id='word_1_268' title='bbox 665 3890 782 3974; x_wconf 79' lang='grc' dir='ltr'><strong><em>ἦνπερδ</em></strong></span> <span class='ocrx_word' id='word_1_269' title='bbox 806 3894 913 3958; x_wconf 80' lang='grc' dir='ltr'><strong><em>τούτοιν</em></strong></span> <span class='ocrx_word' id='word_1_270' title='bbox 936 3896 1086 3968; x_wconf 84' lang='grc' dir='ltr'><strong><em>πυίέσίαι,</em></strong></span> <span class='ocrx_word' id='word_1_271' title='bbox 1109 3890 1180 3975; x_wconf 69' lang='grc' dir='ltr'><strong>’,5εά-</strong></span> 
     </span>
     <span class='ocr_line' id='line_1_32' title="bbox 111 4004 1179 4090; baseline 0.005 -24"><span class='ocrx_word' id='word_1_272' title='bbox 111 4005 232 4084; x_wconf 84' lang='grc' dir='ltr'><strong><em>σάμενος.</em></strong></span> <span class='ocrx_word' id='word_1_273' title='bbox 279 4006 327 4070; x_wconf 81' lang='lat' dir='ltr'><strong>Ex</strong></span> <span class='ocrx_word' id='word_1_274' title='bbox 355 4006 403 4069; x_wconf 91' lang='lat' dir='ltr'><strong>his</strong></span> <span class='ocrx_word' id='word_1_275' title='bbox 434 4004 580 4090; x_wconf 84' lang='lat' dir='ltr'><strong>exemplis</strong></span> <span class='ocrx_word' id='word_1_276' title='bbox 611 4015 737 4089; x_wconf 88' lang='lat' dir='ltr'><strong>apparet</strong></span> <span class='ocrx_word' id='word_1_277' title='bbox 767 4005 799 4067; x_wconf 90' lang='lat' dir='ltr'><strong>in</strong></span> <span class='ocrx_word' id='word_1_278' title='bbox 826 4004 881 4068; x_wconf 83' lang='lat' dir='ltr'><strong>tali</strong></span> <span class='ocrx_word' id='word_1_279' title='bbox 910 4013 1064 4071; x_wconf 85' lang='lat' dir='ltr'><strong>structura</strong></span> <span class='ocrx_word' id='word_1_280' title='bbox 1088 4007 1179 4071; x_wconf 88' lang='lat' dir='ltr'><strong>etiam</strong></span> 
     </span>
     <span class='ocr_line' id='line_1_33' title="bbox 112 4110 1179 4203; baseline 0.003 -26"><span class='ocrx_word' id='word_1_281' title='bbox 112 4110 179 4190; x_wconf 80' lang='grc' dir='ltr'><strong><em>οὗτος</em></strong></span> <span class='ocrx_word' id='word_1_282' title='bbox 211 4123 284 4203; x_wconf 87' lang='lat' dir='ltr'><strong>(uon</strong></span> <span class='ocrx_word' id='word_1_283' title='bbox 319 4138 438 4201; x_wconf 89' lang='lat' dir='ltr'><strong>semper</strong></span> <span class='ocrx_word' id='word_1_284' title='bbox 472 4116 571 4198; x_wconf 80' lang='grc' dir='ltr'><strong><em>αὐτός)</em></strong></span> <span class='ocrx_word' id='word_1_285' title='bbox 605 4114 747 4200; x_wconf 84' lang='lat' dir='ltr'><strong>usurpari</strong></span> <span class='ocrx_word' id='word_1_286' title='bbox 754 4141 763 4192; x_wconf 89' lang='lat'>;</span> <span class='ocrx_word' id='word_1_287' title='bbox 803 4115 886 4199; x_wconf 88' lang='lat' dir='ltr'><strong>quod</strong></span> <span class='ocrx_word' id='word_1_288' title='bbox 920 4125 1012 4202; x_wconf 80' lang='lat' dir='ltr'><strong>negat</strong></span> <span class='ocrx_word' id='word_1_289' title='bbox 1046 4117 1179 4182; x_wconf 85' lang='lat' dir='ltr'><strong>Oobetus</strong></span> 
     </span>
     <span class='ocr_line' id='line_1_34' title="bbox 112 4221 1181 4313; baseline 0.003 -25"><span class='ocrx_word' id='word_1_290' title='bbox 112 4221 249 4293; x_wconf 88' lang='lat' dir='ltr'><strong>Mnemos.</strong></span> <span class='ocrx_word' id='word_1_291' title='bbox 276 4230 380 4306; x_wconf 87' lang='grc'>1862,</span> <span class='ocrx_word' id='word_1_292' title='bbox 403 4251 434 4311; x_wconf 91' lang='lat' dir='ltr'><strong>p.</strong></span> <span class='ocrx_word' id='word_1_293' title='bbox 462 4229 534 4292; x_wconf 80' lang='lat'><strong>167.</strong></span> <span class='ocrx_word' id='word_1_294' title='bbox 558 4226 635 4291; x_wconf 88' lang='lat' dir='ltr'><strong>Inde</strong></span> <span class='ocrx_word' id='word_1_295' title='bbox 658 4226 843 4312; x_wconf 83' lang='lat' dir='ltr'><strong>praesidium</strong></span> <span class='ocrx_word' id='word_1_296' title='bbox 866 4228 929 4312; x_wconf 90' lang='lat' dir='ltr'><strong>peti</strong></span> <span class='ocrx_word' id='word_1_297' title='bbox 952 4237 1053 4313; x_wconf 89' lang='lat' dir='ltr'><strong>potest</strong></span> <span class='ocrx_word' id='word_1_298' title='bbox 1075 4228 1113 4294; x_wconf 90' lang='lat' dir='ltr'><strong>ad</strong></span> <span class='ocrx_word' id='word_1_299' title='bbox 1130 4228 1181 4293; x_wconf 93' lang='lat' dir='ltr'><strong>bo·</strong></span> 
     </span>
     <span class='ocr_line' id='line_1_35' title="bbox 113 4337 1179 4424; baseline 0.006 -26"><span class='ocrx_word' id='word_1_300' title='bbox 113 4355 210 4403; x_wconf 86' lang='lat' dir='ltr'><strong>norum</strong></span> <span class='ocrx_word' id='word_1_301' title='bbox 231 4341 379 4405; x_wconf 87' lang='lat' dir='ltr'><strong>librorum</strong></span> <span class='ocrx_word' id='word_1_302' title='bbox 401 4337 563 4402; x_wconf 89' lang='lat' dir='ltr'><strong>lectionem</strong></span> <span class='ocrx_word' id='word_1_303' title='bbox 586 4339 618 4402; x_wconf 93' lang='lat' dir='ltr'><strong>in</strong></span> <span class='ocrx_word' id='word_1_304' title='bbox 641 4338 718 4402; x_wconf 89' lang='lat' dir='ltr'><strong>Plat.</strong></span> <span class='ocrx_word' id='word_1_305' title='bbox 743 4337 833 4424; x_wconf 81' lang='lat' dir='ltr'><strong>prl.</strong></span> <span class='ocrx_word' id='word_1_306' title='bbox 857 4338 901 4403; x_wconf 89' lang='lat' dir='ltr'><strong>H.</strong></span> <span class='ocrx_word' id='word_1_307' title='bbox 925 4341 993 4404; x_wconf 90' lang='lat' dir='ltr'><strong>init.</strong></span> <span class='ocrx_word' id='word_1_308' title='bbox 1018 4340 1179 4406; x_wconf 86' lang='lat' dir='ltr'><strong>defenden-</strong></span> 
     </span>
     <span class='ocr_line' id='line_1_36' title="bbox 115 4444 1179 4536; baseline 0.008 -27"><span class='ocrx_word' id='word_1_309' title='bbox 115 4444 189 4513; x_wconf 74' lang='lat' dir='ltr'><strong>dum:</strong></span> <span class='ocrx_word' id='word_1_310' title='bbox 217 4446 270 4516; x_wconf 75' lang='grc' dir='ltr'><strong><em>οἷον</em></strong></span> <span class='ocrx_word' id='word_1_311' title='bbox 296 4451 329 4515; x_wconf 78' lang='grc' dir='ltr'><strong>τὸ</strong></span> <span class='ocrx_word' id='word_1_312' title='bbox 352 4449 464 4530; x_wconf 87' lang='grc' dir='ltr'><strong><em>χαίρειν</em></strong></span> <span class='ocrx_word' id='word_1_313' title='bbox 486 4448 535 4513; x_wconf 82' lang='grc' dir='ltr'><strong>καί</strong></span> <span class='ocrx_word' id='word_1_314' title='bbox 560 4451 591 4513; x_wconf 81' lang='grc' dir='ltr'><strong>αἱ</strong></span> <span class='ocrx_word' id='word_1_315' title='bbox 614 4450 707 4525; x_wconf 77' lang='grc' dir='ltr'><strong><em>ἡδοναί</em></strong></span> <span class='ocrx_word' id='word_1_316' title='bbox 731 4446 794 4515; x_wconf 81' lang='grc' dir='ltr'><strong><em>ἀσαι</em></strong></span> <span class='ocrx_word' id='word_1_317' title='bbox 817 4450 986 4536; x_wconf 75' lang='grc' dir='ltr'><strong><em>ἀβλαβεῖς,</em></strong></span> <span class='ocrx_word' id='word_1_318' title='bbox 1010 4453 1070 4517; x_wconf 80' lang='grc' dir='ltr'><strong>καί</strong></span> <span class='ocrx_word' id='word_1_319' title='bbox 1092 4452 1179 4530; x_wconf 78' lang='grc' dir='ltr'><strong><em>μηδὲν</em></strong></span> 
     </span>
    </p>
   </div>
   <div class='ocr_carea' id='block_1_9' title="bbox 0 0 1502 5238">
    <p class='ocr_par' dir='ltr' id='par_1_11' title="bbox 0 0 1502 5238">
     <span class='ocr_line' id='line_1_37' title="bbox 0 0 1502 5238; baseline 0 0"><span class='ocrx_word' id='word_1_320' title='bbox 0 0 1502 5238; x_wconf 95' lang='lat' dir='ltr'><strong> </strong></span> 
     </span>
    </p>
   </div>
  </div>
 </body>
</html>
