2958 5238
631 508 692 570 117

123 699 184 763 nisi
207 707 323 764 statuas
347 712 530 789 usurpatum
554 705 813 790 quemadmodum
836 705 940 787 ιἰδιιιό,
965 710 1094 769 iniustus
1118 728 1202 782 cum,

122 811 245 892 Φεύγιο,
268 818 357 879 exsul
377 838 458 896 aum,
480 817 614 893 κλέπτω,
640 818 732 903 furti
753 823 850 882 όοννοοο
881 816 987 900 (Arist.
1011 814 1087 878 Rau.
1113 818 1206 902 610),

124 921 227 1003 ὑβοόζιο
254 951 297 984 =
329 926 464 1007 ὑβριστὴς
497 927 558 1006 alul
580 927 669 1012 (Xan.
695 928 794 993 Anab.
811 927 849 992 V.
876 933 905 992 8.
932 931 972 1013 1).
993 966 1038 976 -
1060 927 1116 991 Pro
1140 929 1206 1005 όμο-

122 1035 283 1109 λογούντιιν
313 1035 444 1101 ἱππεύειν
474 1037 590 1103 Balius
620 1039 725 1105 scribit
754 1041 896 1105 ἱππεῦσαι
902 1065 911 1118 ;
941 1039 993 1103 sed
1017 1039 1081 1102 fieri
1105 1047 1206 1123 potest

123 1151 158 1206 nt
181 1145 346 1210 contendat
368 1148 461 1233 vulgo
485 1149 575 1213 etiam
599 1158 663 1214 tum
689 1151 885 1236 neglegenter
904 1150 1068 1214 admodum
1084 1151 1202 1233 equites

123 1255 154 1317 in
176 1256 300 1320 σανιδιον
322 1257 416 1322 fuisse
440 1259 568 1337 relatos,
592 1261 768 1326 istiusmodi
790 1261 904 1326 tabulis
927 1260 1017 1324 fidem
1041 1284 1129 1346 saepe
1152 1260 1203 1323 ha·
1275 1256 1279 1277 '

123 1365 184 1429 beri
201 1389 264 1430 non
280 1390 378 1451 posse.
415 1369 522 1434 Malim
538 1379 639 1436 tamen
655 1372 888 1450 ὁμολογουμένως
905 1372 1091 1436 ἱππευόντων.
1124 1369 1204 1435 Nam

124 1498 214 1540 nemo
254 1488 321 1544 tum
360 1481 448 1545 facile
487 1483 689 1548 confitebatur
727 1508 758 1548 se
789 1483 847 1548 snb
877 1503 940 1546 xxx
971 1482 1042 1545 viris
1074 1482 1206 1567 equitem
1284 1543 1294 1562 ,

122 1586 226 1652 fuisse.
273 1589 320 1653 De
343 1589 435 1655 simili
458 1595 630 1679 corruptela
653 1594 690 1658 ci.
714 1594 809 1659 Dobr.
835 1593 932 1657 Advv.
957 1590 1000 1655 Π.
1028 1593 1078 1655 69.

165 1701 182 1784 b
207 1702 225 1764 7
250 1699 318 1786 lego
342 1704 560 1782 καταβαλόντα
582 1728 637 1791 pro
658 1705 876 1785 παραλαβόντα
899 1726 969 1767 cum
989 1702 1097 1766 Balio.
1130 1699 1202 1766 Nou

123 1808 213 1873 nimis
242 1814 400 1898 perspicue
424 1816 623 1883 ratiocinatur
646 1817 678 1881 in
700 1821 732 1882 ἐκ
755 1818 808 1893 μὲν
827 1817 886 1896 γόοι
910 1854 955 1864 -
977 1815 1202 1897 ἕξᾱύέλΦθῆνλί,

122 1926 156 1982 nt
186 1928 270 1985 recte
300 1925 422 1989 monuit
453 1925 665 2005 Halbertsma,
698 1927 751 1991 sed
781 1936 890 1991 tamen
911 1948 973 1990 non
997 1927 1103 2011 spuria
1128 1926 1202 1990 haec

123 2029 244 2110 iudico,
269 2039 305 2098 ut
327 2036 448 2102 tabulas
472 2039 589 2104 nullius
613 2040 703 2125 pretii
727 2040 851 2104 omnino
867 2061 933 2103 esse
949 2039 1118 2124 significet,
1139 2061 1206 2123 pro·

121 2151 210 2206 vocat
234 2143 273 2207 ad
295 2146 390 2225 illud,
415 2149 498 2233 quod
521 2150 664 2215 omnibus
688 2150 855 2215 constabat.

165 2255 182 2339 b
208 2257 260 2320 13.
307 2259 403 2334 ἐπειδὴ
433 2259 549 2333 πόντος
579 2262 665 2341 ἑόνμον
691 2269 749 2332 τοῖς
772 2264 825 2338 μὲν
847 2260 1015 2326 ἱππεύουσιν
1036 2259 1206 2342 οὶοφοόλειαν

122 2358 190 2429 εἶναι
216 2366 288 2430 δεῖν
311 2367 494 2450 νομίζοντας,
518 2379 576 2444 τοῖς
601 2371 627 2436 δ’
649 2373 784 2446 όπλόταις
803 2372 925 2437 κίνδυνον
941 2371 1128 2450 ἡγουμένους,
1145 2369 1206 2435 ἕπε’-

122 2498 173 2551 ρυν
207 2477 383 2556 αναβοόντων
411 2481 457 2545 ἐπὶ
488 2482 554 2555 τοὺς
578 2480 683 2555 ἵππους
704 2483 905 2560 ἀδοκιμάστων
928 2481 1011 2562 παρόν
1033 2480 1080 2546 τδν
1105 2481 1205 2564 νόμον,

124 2587 179 2663 ἐγὼ
203 2591 359 2668 πουςελύόνν
383 2591 456 2676 ἔφαν
478 2598 518 2676 τῷ
544 2593 724 2675 Ὀρθοβούλῳ
746 2593 908 2673 ἐξαλεῖψαί
929 2617 968 2671 με
990 2595 1022 2657 ἐκ
1044 2597 1094 2657 τοῦ
1114 2617 1207 2657 κατα·

122 2700 222 2776 λόγου.
270 2702 432 2788 Ingeniose
461 2729 516 2790 pro
547 2708 604 2771 δεῖν
634 2706 796 2772 Scheibius
826 2705 910 2771 δεινόν
942 2704 1093 2789 (sequitur
1124 2707 1205 2790 ΝΟ).

124 2807 181 2874 Sed
205 2833 269 2876 nou
293 2823 374 2892 erat,
399 2838 453 2880 cur
478 2827 735 2905 conquererentur
757 2840 827 2882 cum
851 2816 968 2881 civibus
995 2814 1033 2879 de
1055 2837 1104 2892 re,
1130 2837 1207 2898 qnae

124 2943 183 2986 non
209 2946 315 2989 eorum
331 2927 439 3012 culpae
455 2928 508 2993 sed
524 2929 637 2994 rationi
652 2929 725 2994 belli
742 2927 925 3005 debebatur,
942 2927 974 2989 in
991 2947 1052 3010 quo
1069 2924 1207 2990 Thebani

125 3034 197 3097 socii
225 3035 480 3117 Atheniensium,
509 3040 648 3124 equitatu
671 3039 780 3117 validi,
805 3060 840 3102 ea
862 3043 948 3122 parte
971 3035 1135 3121 Spartanos
1158 3058 1207 3100 sn-

125 3146 271 3228 perabant
297 3155 375 3212 teste
398 3148 477 3213 Xen.
502 3149 584 3215 Hell.
610 3149 671 3214 III.
697 3152 726 3213 5.
752 3151 804 3212 23.
851 3148 962 3232 Itaque
985 3148 1041 3211 δεῖν
1064 3148 1207 3212 omitten-

129 3253 217 3335 dum,
234 3266 341 3323 natum
359 3282 395 3324 ex
410 3261 556 3346 proximis
568 3261 678 3326 litteris
693 3261 772 3327 male
787 3259 925 3347 repetitis
941 3264 1053 3344 (ΔΕΙΝ
1065 3281 1101 3323 ex
1112 3260 1215 3343 AIN).·

168 3367 310 3433 Sectione
341 3373 381 3434 tl
413 3368 481 3449 όόμα
510 3371 534 3435 δ’
562 3373 640 3448 ύμοῖς
664 3373 729 3454 ὁρῶν
751 3411 796 3420 -
817 3350 964 3441 τούτους
987 3368 1086 3448 μόνους
1108 3368 1206 3443 ύξόους

127 3479 290 3561 νομίζοντας
307 3480 379 3549 εἶναι
395 3484 522 3548 fortasse
538 3484 732 3574 scribendum
748 3487 813 3557 τοὺς
829 3484 978 3555 τοιούτους.
1013 3484 1095 3546 Ante
1110 3479 1206 3557 όξόους

15 3656 16 3665 ¹
127 3586 289 3656 desiderari
319 3601 428 3660 πολλοῦ
452 3595 572 3680 (Cobet)
596 3605 649 3659 aut
672 3597 761 3674 λόγου
785 3594 939 3681 probabile
967 3601 1021 3658 est.
1063 3592 1205 3677 Denique

127 3697 157 3762 in
179 3703 238 3766 fine
262 3703 377 3788 aliquid
400 3704 502 3784 deest;
527 3729 597 3770 nam
621 3708 678 3772 etsi
702 3707 776 3772 haec
799 3706 895 3771 oratio
916 3705 1035 3790 insigne
1051 3704 1204 3789 specimen

128 3821 170 3876 est
192 3817 353 3882 tenuitatis
376 3818 537 3904 Lysiacae,
569 3828 671 3885 tamen
693 3820 755 3885 illis
779 3820 877 3885 verbis
899 3821 929 3884 ού
952 3818 1010 3897 adp
1033 3815 1119 3896 ἕτεροι
1140 3814 1202 3897 περὶ

128 3926 217 3992 αὐτῶν
248 3932 344 4011 κριταί
373 3932 459 4005 εἰσιν,
491 3932 562 3998 ἀλλ’
586 3935 668 4011 ὑμεῖς
691 3933 783 3997 nimis
806 3931 933 4016 abrupte
956 3929 1078 4004 finitur;
1102 3934 1204 3991 orator

128 4058 184 4104 non
214 4041 312 4121 redit,
345 4051 381 4106 ut
411 4044 485 4109 alibi
517 4044 612 4123 solet,
646 4044 683 4108 ad
714 4049 807 4129 caput
829 4065 937 4107 causae
960 4041 1010 4105 sed
1037 4039 1149 4105 desinit
1171 4040 1202 4103 in

129 4151 305 4218 refutatione
328 4154 462 4219 oriminis
486 4154 644 4219 cuiusdam
664 4153 843 4219 secundarii.
880 4152 926 4216 Of.
945 4160 1046 4216 tamen
1062 4151 1202 4236 epilogus
1245 4186 1249 4192 ·
1284 4144 1289 4156 ⁴
1337 4196 1347 4211 .

129 4265 278 4350 septimae.

169 4375 254 4441 Bona
276 4387 322 4443 cst
345 4402 416 4443 sane
440 4378 536 4443 oratio
544 4405 553 4456 3
571 4379 624 4443 sed
640 4379 778 4444 Dobreus
794 4375 902 4441 vellem
917 4375 1099 4440 sententiam
1115 4399 1201 4442 suam

130 4492 311 4559 enucleatius
335 4494 525 4578 exposuisset
549 4514 642 4581 quam
665 4492 779 4556 factum
803 4498 849 4555 est
872 4488 977 4581 paucis
1000 4488 1099 4554 verbis
1122 4512 1200 4581 quae
