2958 5238
596 466 656 528 lll

86 663 280 748 κατηγόρηκα.
326 664 448 729 Primus
471 662 716 728 Archestrstides
739 663 893 729 accusavit
911 664 1102 732 Alcibiadem
1123 668 1163 733 cf.

89 782 136 842 14.
156 781 197 857 3,
219 777 267 842 cui
283 783 413 861 uterque
428 782 530 840 orator
545 798 578 840 se
592 797 683 860 opem
697 774 775 840 ferre
792 777 949 842 accusanti
965 776 1041 844 dicit
1055 779 1094 844 cs.
1113 782 1166 846 15.

87 892 144 968 la,
169 896 207 954 ut
225 889 309 974 prior
331 888 428 953 oratio
451 886 660 972 deuterologia
683 887 741 966 sit,
765 886 860 952 altera
880 888 1045 975 tritologia.
1079 890 1170 955 Uter·

85 1021 143 1084 que
173 1000 265 1063 etiem
293 997 462 1063 Alcibiadis
484 997 659 1062 inimicitias
683 997 785 1082 palam
807 1019 879 1083 prae
902 1021 934 1064 se
952 999 1019 1064 fert.
1062 999 1108 1066 of.
1132 1000 1165 1066 ll.

84 1108 117 1173 ll.
142 1109 285 1175 Ceterum
308 1116 487 1196 argumento
511 1109 673 1174 dissimiles
696 1115 770 1173 sunt
794 1108 874 1175 inter
896 1132 938 1174 se.
976 1110 1065 1175 Prior
1085 1112 1167 1177 insta

85 1228 114 1284 et
135 1221 225 1305 plena
248 1228 295 1285 est
317 1221 487 1300 accusati03
512 1222 608 1287 altera
629 1227 766 1286 versatur
787 1221 821 1285 in
844 1242 897 1299 eo,
915 1227 951 1286 ut
966 1222 1094 1301 milites,
1112 1224 1167 1307 qui

84 1330 116 1393 in
137 1331 194 1396 hac
217 1355 309 1397 causa
330 1332 449 1397 iudices
473 1331 613 1411 sedeant,
638 1332 676 1397 ab
699 1332 847 1417 obsequio
870 1333 1030 1417 strategis,
1054 1335 1166 1419 praesi-

86 1440 175 1506 dibus
196 1444 323 1520 iudicii,
347 1443 529 1529 praestando
554 1443 646 1508 alieni
668 1442 845 1508 reddantur.
880 1443 1003 1509 Etenim
1019 1444 1051 1507 hi
1067 1444 1168 1508 faven-

86 1557 130 1615 tes
161 1553 313 1619 Alcibiadi
344 1555 529 1620 simulabant
558 1578 615 1619 sua
644 1555 826 1619 auctoritate
856 1554 1064 1632 Alcibiadem,
1097 1570 1165 1618 cum

87 1660 164 1727 inter
185 1664 304 1750 pedites
328 1667 356 1729 ei
378 1665 573 1731 militandum
597 1673 694 1744 esset,
719 1665 758 1730 ad
782 1666 900 1749 equites
915 1665 1088 1743 transiisse,
1105 1686 1166 1749 quo

90 1792 205 1838 omnem
228 1775 348 1863 culpam
372 1775 410 1842 ab
434 1776 592 1841 Alcibiade
614 1776 647 1840 in
669 1799 701 1841 se
723 1776 932 1840 transferrent.
971 1774 1056 1839 Haec
1070 1776 1167 1860 igitur

91 1886 209 1948 mmerie
233 1908 251 1949 a
272 1887 426 1971 superiore
448 1886 585 1951 oratione
608 1887 651 1950 sic
674 1886 791 1950 diversa
815 1891 906 1963 sunt,
930 1892 1089 1950 attamen
1104 1908 1166 1951 non

92 1991 262 2061 incredibile
300 1997 358 2075 sit,
393 1997 450 2061 has
487 1997 638 2062 orationes
676 1997 710 2061 in
741 1996 845 2061 eadem
876 2018 967 2060 causa
998 2019 1016 2060 a
1046 1995 1167 2062 duobus

94 2106 242 2190 synogoris
262 2108 480 2192 pronunciatus
502 2130 577 2174 esse.
607 2106 688 2172 Nam
703 2130 740 2172 ex
755 2106 953 2191 inscriptione
968 2107 1169 2194 (ἀστρατείας)

95 2212 205 2280 diversa
227 2217 306 2281 nihil
328 2224 431 2303 potest
454 2218 546 2297 effici3
571 2241 607 2283 ea
629 2218 710 2283 enim
733 2217 760 2282 si
780 2216 830 2282 vel
845 2216 975 2281 maxime
992 2216 1029 2281 ab
1045 2226 1169 2285 auctore

93 2326 223 2408 profecta
245 2334 341 2406 esset,
364 2335 468 2392 tamen
490 2334 755 2415 consequeretur
777 2327 811 2390 in
831 2326 891 2390 alia
906 2348 997 2390 causa
1012 2327 1090 2393 hanc
1106 2345 1170 2394 ora·

94 2436 201 2502 tionem
232 2438 368 2503 habitam
399 2462 492 2524 quam
522 2440 727 2525 superiorem3
759 2437 910 2524 siquidem
939 2439 1108 2517 λιποταξίου
1138 2450 1169 2507 et

94 2547 263 2632 ἀστρατείας
287 2550 413 2615 crimina
435 2574 498 2615 una
519 2552 586 2637 lege
609 2550 859 2629 continebantur3
878 2557 909 2615 et
922 2546 1090 2629 λιποταξίου
1106 2575 1168 2618 non

69 2702 71 2707 «
95 2662 208 2724 tantum
230 2662 362 2747 pertinet
384 2661 423 2725 ad
446 2684 497 2727 eos
520 2663 575 2748 qui
596 2662 760 2747 fugerunt,
785 2661 838 2726 sed
859 2661 897 2725 ad
918 2661 988 2727 illos
1004 2663 1096 2727 etiam
1112 2666 1167 2748 qui

99 2773 210 2838 nomina
239 2795 302 2839 non
332 2773 483 2866 dederunt
512 2775 589 2860 (τοὺς
610 2773 836 2859 ἀστρατεύτους)
861 2772 967 2837 eodem
989 2773 1166 2859 modoque

98 2885 309 2967 λιπομαρτυρίου
330 2884 392 2959 δίκη
412 2890 459 2949 est
480 2885 512 2950 iu
537 2906 606 2949 eum
629 2885 684 2970 qni
706 2883 856 2948 indicium
879 2890 1014 2960 recusat,
1036 2906 1099 2949 non
1114 2886 1170 2971 qui

96 3003 262 3081 susceptum
285 2994 479 3080 derelinquit.
519 2994 566 3060 cf.
590 3018 684 3082 supra
707 2995 746 3059 ad
768 2993 893 3058 initium
916 3016 959 3058 or.
985 2996 1037 3057 14.

136 3104 203 3170 Non
226 3129 351 3193 possum
374 3108 513 3173 assentiri
535 3106 632 3172 Bskio
656 3116 739 3172 certo
762 3106 963 3171 demonstrari
985 3104 1108 3192 putanti
1128 3108 1170 3172 al·

96 3219 183 3282 teram
212 3219 382 3284 orationem
398 3242 466 3285 non
490 3242 556 3284 esse
578 3218 706 3305 Lysiae,
729 3219 757 3283 si
779 3218 975 3284 conferantur
996 3217 1087 3283 verba
1108 3219 1126 3303 q
1148 3221 1167 3282 9

96 3330 249 3404 μεμυῆσθαι
279 3332 338 3410 χρη
368 3327 410 3396 ὅτι
433 3332 463 3396 οιί
495 3330 729 3408 νομοίετνίοοντες
756 3327 819 3410 περὶ
847 3330 942 3394 αὐτῶν
964 3326 1065 3405 ίίκετε,
1085 3328 1170 3394 datad

96 3438 169 3503 rcrcl
189 3439 255 3512 τοὺς
277 3438 421 3520 κειμένους
441 3439 541 3519 νόμους
563 3440 756 3524 ψηφιούμενοι
779 3463 850 3504 cnm
873 3437 959 3504 Orat.
982 3438 1009 3504 I.
1029 3441 1046 3525 q
1065 3442 1104 3504 4:
1127 3441 1171 3518 μη

98 3546 172 3622 μόνον
192 3550 352 3627 δικαοτοίς,
374 3551 460 3617 ἄλλα
481 3552 530 3616 καί
555 3551 707 3631 νομοθέτας
730 3552 835 3623 αὐτοὺς
858 3550 1001 3630 γενέσθαι.
1047 3549 1172 3636 Lysiam
1203 3640 1206 3647 ἱ

99 3656 208 3727 duobus
242 3684 403 3728 causarum
436 3663 572 3749 patronis
603 3663 756 3728 crationes
790 3662 972 3729 scribentem
1002 3662 1172 3749 pugnantia

99 3767 170 3836 inter
191 3795 222 3837 sc
246 3795 358 3860 ponere
380 3774 522 3859 religioni
536 3796 599 3839 non
613 3774 758 3839 habuisse
766 3824 776 3854 ,
792 3774 883 3840 modo
900 3773 997 3839 eidem
1013 3773 1170 3859 proposito

100 3878 284 3964 inservirent,
309 3907 373 3950 non
395 3887 501 3964 miror3
525 3907 588 3950 non
609 3887 690 3951 enim
710 3886 744 3950 in
758 3885 807 3950 his
821 3893 886 3951 tam
904 3885 1077 3969 quaeritur,
1095 3883 1171 3968 quid

101 4011 193 4061 verum
213 3996 253 4060 sit
276 4018 368 4080 quarn
391 3994 467 4080 qnid
491 4018 599 4060 causae
622 3996 784 4061 conducat.
820 3996 962 4080 Utroque
983 4001 1087 4063 ,autem
1102 3994 1171 4058 loco

102 4102 135 4167 ad
155 4109 342 4173 severitatem
366 4113 397 4171 et
419 4106 600 4192 obsequium
617 4107 719 4194 legum
737 4108 906 4172 incitantur
921 4106 1054 4184 iudices3
1071 4106 1172 4191 priore

102 4232 135 4277 ne
157 4216 251 4303 legem
278 4218 371 4283 nimis
394 4217 520 4283 credant
542 4218 651 4283 duram
675 4218 895 4299 admonentur,
919 4218 1013 4283 altero
1037 4223 1073 4282 ut
1095 4215 1172 4280 fidos

106 4343 134 4387 se
154 4328 286 4394 eiusdem
309 4327 475 4414 praebeant
497 4329 669 4408 ministros,
694 4351 749 4415 per
770 4350 847 4412 quos
869 4328 919 4392 ius
940 4328 1048 4394 valeat.
1086 4326 1191 4391 Simi

103 4430 153 4500 lem
181 4436 414 4527 repugnantiam
445 4437 580 4505 invenias
611 4440 689 4504 infra
719 4461 762 4503 or.
795 4441 848 4503 24.
880 4441 939 4517 25,
971 4439 1040 4503 coll.
1071 4440 1088 4524 q
1119 4439 1171 4502 15.
