2994 5234
646 488 707 551 166

129 710 187 752 non
213 688 390 752 attributive
414 686 564 771 superiori
586 687 695 760 ταύτης
721 686 859 768 iungitur
880 687 977 768 (secus
994 685 1156 770 Bremius).
1178 724 1222 735 -

127 800 181 880 §2
206 800 237 861 οὐ
259 798 312 876 μὲν
335 797 412 877 γάρ,
437 823 463 861 κ.
488 822 516 861 τ.
542 797 563 859 ἕ.
587 804 618 860 et
640 798 657 880 t
680 799 699 857 3
726 797 851 880 [καλῶς]
875 802 956 859 recte
973 795 1148 860 emendavit
1166 794 1222 859 Go-

128 906 235 983 betus;
266 929 337 970 nem
367 905 449 990 quod
473 905 711 969 Reuchenstein.
736 911 807 989 post
830 904 980 969 Cobetum
1004 905 1090 969 dedit
1113 908 1144 969 ού
1167 907 1221 982 μὲν

127 1018 185 1096 γαρ
211 1016 297 1081 ἕνεκα
325 1017 488 1098 χρημάτων
517 1040 557 1092 με
579 1022 775 1093 συκοφαντεῖ·
800 1016 824 1078 εί
847 1015 909 1087 δ’ὡς
933 1017 1032 1095 ἐχθρὸν
1055 1017 1158 1081 ἑαυτοῦ
1182 1041 1220 1093 με

127 1134 311 1206 τιμωρεῖται,
336 1126 478 1206 ψεύδεται
501 1125 592 1189 nihili
615 1132 662 1189 est
683 1126 744 1189 nisi
768 1133 936 1204 τιμωρεῖται
960 1147 1015 1209 pro
1037 1127 1222 1205 τιμωρεῖσθαί

127 1236 164 1313 με’
193 1243 285 1317 φησιν
315 1237 433 1300 dictum
457 1235 628 1312 existimes,
653 1233 736 1318 quod
759 1256 822 1298 rron
845 1234 1020 1318 probabile5
1045 1258 1101 1320 pro
1123 1241 1220 1306 καλῶς

127 1368 195 1409 cum
227 1344 376 1408 Muellero
410 1344 522 1409 Philol.
554 1343 629 1406 XII.
659 1345 719 1406 105
745 1342 995 1407 substituendum
1020 1366 1084 1407 esse
1106 1344 1219 1415 είκύτως

127 1461 179 1517 sut
210 1453 325 1524 δικαίως
355 1454 456 1517 minus
488 1454 551 1516 veri
582 1453 681 1517 simile
713 1459 758 1515 est
790 1474 884 1536 quem
908 1453 1038 1516 sciolum
1060 1459 1158 1526 καλῶς
1181 1453 1219 1516 de

127 1585 182 1626 suo
206 1562 344 1640 dedisse,
369 1562 500 1647 ideoque
524 1563 582 1626 hoc
606 1561 790 1626 eliciendum
815 1584 889 1626 esse.

168 1675 185 1757 d
208 1676 239 1735 3.
286 1671 337 1746 ἤδη
360 1674 451 1738 τοίνυν
476 1673 617 1736 similiter
640 1674 814 1756 iunguntur
838 1671 916 1735 Plat.
940 1670 1022 1735 Orat.
1041 1674 1117 1734 434.
1134 1672 1171 1735 B.
1189 1680 1220 1735 et

126 1782 204 1845 Xon.
230 1780 325 1845 Conv.
353 1783 382 1845 5.
409 1786 437 1845 5.
485 1781 605 1846 Neutro
630 1783 697 1846 looo
722 1782 772 1858 ἤδη
796 1782 940 1866 temporis
965 1782 1219 1866 significationem

127 1893 258 1969 emittit3
283 1894 373 1956 τοίνυν
397 1892 608 1956 conclusivum
631 1900 696 1969 est3
721 1891 789 1967 ἤδκε
814 1914 921 1970 „nunc
944 1890 1111 1955 secundum
1136 1897 1220 1953 tuem

125 2001 416 2079 „affirmationem”
449 2009 520 2078 aut,
550 2010 587 2064 ut
617 2002 675 2064 hoc
706 2001 792 2078 loco,
816 2009 910 2085 „post
934 2021 1072 2082 eaquae
1096 2000 1218 2062 demon-

126 2118 244 2186 „struto
267 2111 372 2174 sunt.’'

168 2222 239 2304 dd.
285 2220 354 2299 Περὶ
377 2223 431 2297 μὲν
453 2216 498 2284 οὖν
521 2223 653 2284 τούτων
676 2218 809 2284 τοοαῦτοί
828 2242 875 2295 μοι
898 2219 1022 2296 είρνίούω.
1058 2217 1141 2281 Fert.
1158 2241 1220 2280 τον-

126 2331 195 2394 τονί.
233 2329 390 2407 Dobreus‚
416 2329 497 2412 quod
522 2338 630 2414 postca
653 2328 870 2406 animadverti,
894 2329 1005 2394 τούτου.

169 2442 186 2523 d
210 2440 239 2501 5.
287 2437 329 2504 ἷίτι
361 2439 486 2516 δύναμαι
517 2447 641 2504 συνεῖναι
672 2439 834 2516 δυναμένοις
865 2438 1017 2516 οίνύριύοιοις
1040 2437 1217 2501 οίναλίοιιειν.

126 2548 310 2634 Suspectum
341 2552 417 2615 mihi
447 2559 493 2615 est
523 2552 693 2630 οὶνύρύοιοις,
724 2549 806 2633 quod
837 2557 867 2612 et
897 2570 950 2633 per
981 2569 1012 2610 se
1037 2547 1220 2630 languidum

126 2667 155 2722 et
179 2660 317 2724 ordinem
341 2661 503 2725 verborum
526 2662 643 2725 turbat.

170 2771 187 2853 d
211 2772 240 2832 6.
287 2770 335 2834 τὸν
358 2769 565 2848 διαδεξόμενον.
603 2758 731 2834 Servum
754 2768 905 2854 significat
927 2769 982 2851 qui
997 2768 1040 2831 sic
1056 2765 1218 2829 artificium

125 2878 272 2962 suscipiat
295 2886 330 2941 ut
352 2879 475 2943 lucrum
499 2879 538 2942 ad
561 2879 722 2943 dominum
745 2877 857 2943 redeat.
904 2876 1031 2940 Recedit
1054 2876 1149 2959 igitur
1166 2875 1220 2938 eli·

126 2996 277 3069 quatenus
301 2990 563 3073 evulgandum,
589 3012 625 3053 ex
649 3012 710 3073 quo
734 3009 937 3053 successorem
961 2987 1142 3070 designaret.

169 3100 186 3181 d
210 3102 238 3162 7.
285 3100 352 3171 τοὺς
376 3101 424 3163 καί
448 3106 507 3171 τοῖς
532 3101 641 3178 ἐχθροῖς
661 3098 783 3170 ἐλεινοὺς
804 3096 888 3170 ὄντας
905 3097 1013 3175 syrios
1030 3094 1217 3169 ἀποδέξησθε.

126 3207 211 3272 Alibi
242 3207 455 3291 ἀποδέχεσθαι,
487 3210 512 3273 si
536 3208 670 3272 hominis
694 3228 805 3271 nomen
827 3214 975 3290 tanquam
998 3205 1151 3269 obiectum
1176 3228 1220 3268 se-

125 3319 248 3399 quitur,
281 3319 313 3382 in
344 3319 455 3383 bonam
484 3326 602 3403 partem
633 3317 762 3394 dieitur,
795 3323 832 3379 ut
863 3316 903 3378 sit
932 3337 998 3379 cum
1022 3317 1220 3379 benevolentia

125 3434 282 3513 excipere,
309 3432 442 3514 probare
476 3433 611 3512 ols'quem.
652 3426 699 3490 Of.
725 3427 752 3490 si
774 3427 854 3490 tenti
876 3425 997 3510 Tuylor.
1024 3423 1062 3487 sd
1086 3426 1138 3486 25.
1168 3426 1218 3485 11.

124 3538 266 3603 Fortasse
289 3537 452 3622 legendum
477 3545 523 3602 est
545 3535 742 3619 κτοδιύξκτε,
767 3539 936 3621 repellunt,
957 3556 1018 3618 que
1035 3534 1064 3595 vi
1080 3533 1218 3609 νίτονιίμ-

126 3650 248 3730 τεούαι,
279 3648 456 3712 ἀπελαύνειν
487 3647 579 3731 vulgo
610 3652 785 3729 usurpatur.
834 3644 967 3708 Rarioris
991 3665 1066 3706 usus
1090 3642 1220 3705 vocubu-

126 3757 191 3820 lum
213 3757 302 3821 facile
325 3757 426 3820 fraudi
448 3756 578 3820 librariis
603 3777 668 3818 esse
693 3754 802 3839 potuit.
851 3750 1036 3826 Καταδιῶξαι
1065 3774 1102 3814 ex
1126 3750 1219 3836 Lysia

127 3866 251 3930 affertur
274 3866 307 3930 in
329 3866 463 3930 Bekkeri
487 3865 625 3930 Anecdd.
650 3889 679 3949 p.
703 3867 776 3928 103.
803 3866 853 3927 11.

172 3975 189 4057 d
211 3978 239 4037 8.
285 3975 326 4039 τύι
352 3976 461 4048 τούτοις
484 3977 616 4056 ἐχόμενα
639 3974 719 4038 κακοί
742 3975 876 4037 retinent
898 3971 1019 4037 Scheib.
1045 3979 1075 4036 et
1097 3971 1215 4034 Rauch.

128 4081 187 4146 Sed
216 4106 322 4148 verum
354 4091 399 4148 est
430 4085 577 4164 ἓτύμενα,
610 4085 671 4147 iam
699 4082 864 4147 alteislrio
887 4082 1089 4166 propositum.
1135 4079 1217 4144 Nam

128 4191 188 4254 looi
216 4193 354 4257 Platonis
386 4194 479 4278 Gorg.
513 4197 589 4258 494.
621 4194 658 4257 Ε.
690 4193 741 4258 εὀίν
767 4193 812 4264 τίς
834 4216 868 4256 οε
890 4191 931 4255 τοδ
954 4191 1085 4270 ἐχόμενα
1107 4190 1216 4260 τούτοις

128 4301 234 4381 ἐφεξῆς
256 4301 379 4369 ἅπαντα
403 4308 495 4389 ἐρωτᾷ
518 4312 549 4368 et
572 4304 662 4368 Polit.
690 4306 764 4368 271.
789 4303 832 4367 B:
857 4302 996 4380 ἐχόμενον
1019 4301 1078 4382 yolo
1099 4304 1160 4364 εὀτι
1176 4301 1216 4379 τῷ

129 4410 194 4482 τοὺς
224 4415 394 4494 πρεσβύτας
422 4414 469 4479 εὀιί
498 4417 550 4489 τὴν
577 4422 627 4480 τοῦ
652 4415 752 4486 ταιδδς
775 4414 845 4478 ἰέναι
869 4410 975 4494 φύσιν,
1001 4414 1034 4478 ἐκ
1055 4417 1110 4476 τῶν
1134 4433 1215 4475 τετε-
