2958 5238
736 510 737 513 ,
810 455 871 519 122

300 648 389 712 παντὶ
413 649 588 727 εύννωττον,
612 652 654 718 ύτι
676 656 727 719 ούκ
749 654 785 720 άν
808 655 1021 738 παραλιπόντες
1044 656 1072 722 εἴ
1090 683 1119 722 τι
1138 657 1214 723 άλλο
1229 659 1371 741 τωνἘρά-
1461 690 1462 729 ss

299 783 384 831 τωνος
413 756 466 827 οἶόν
494 787 530 826 τε
562 761 593 839 ἦν
616 765 745 843 δημεύειν
767 769 819 842 την
841 766 940 833 πάντα
963 769 1004 834 τά
1026 767 1181 850 Ἐράτωνος
1204 770 1372 853 άπέγραφον

298 868 348 933 καὶ
377 871 455 949 λέγω
486 873 576 938 πολὺν
603 875 652 952 ἤδη
675 877 774 957 χρόνον
797 880 950 957 κέκτημαι.
996 878 1221 945 Laurentianus
1247 881 1320 946 haee
1341 889 1373 944 ut

300 989 418 1066 poterat
447 987 592 1050 correxit:
621 989 659 1060 ύς
681 991 731 1053 ούκ
753 989 790 1055 άν
813 991 989 1071 παρέλιπον,
1012 992 1211 1071 -δημεύειν
1234 993 1258 1056 οἱ
1282 990 1375 1057 πάντα

298 1099 349 1158 τοῦ
368 1094 524 1176 Ἐράτωνος
545 1097 786 1180 άπονράφοντες·
800 1102 858 1178 ἐγὼ
877 1101 906 1166 δὲ
925 1103 1014 1167 πολὺν
1034 1103 1084 1179 ἤδη
1104 1106 1203 1184 χρόνον
1222 1103 1374 1180 κέκτημαι,

211 1198 215 1202 ”
298 1227 388 1290 quem
411 1206 570 1273 Bekkerus
593 1209 704 1294 aliique
727 1212 824 1276 secuti
847 1219 928 1276 suut.
963 1211 1106 1277 Reiskius
1129 1214 1231 1278 looum
1254 1215 1299 1279 sio
1313 1237 1375 1278 eon·
1463 1230 1464 1265 ι

299 1315 416 1381 stituit:
440 1315 483 1383 ύτι
506 1319 535 1384 δὲ
558 1318 659 1384 πάντα
681 1322 854 1405 δημεύεται,
876 1321 909 1400 ἐξ
930 1326 1098 1389 αὐτῶντῶν
1117 1327 1302 1406 άπονραφῶν
1325 1326 1376 1409 (iqi-

267 1480 274 1499 „
299 1425 353 1491 διον
383 1427 514 1514 εἰδέναιρ·
543 1469 589 1480 -
610 1430 702 1497 καίτοι
731 1433 817 1498 τοῦτύ
840 1459 878 1513 γε
900 1435 988 1501 παντὶ
1012 1436 1188 1515 εύννωοτον,
1207 1433 1250 1501 ύτι
1274 1439 1322 1501 οὐκ
1342 1435 1374 1500 άν

301 1540 471 1621 παρέλιπον,
495 1540 523 1608 εἴ
542 1568 570 1608 τι
593 1541 669 1609 άλλο
692 1552 747 1610 τῶν
769 1544 925 1627 Ἐράτωνος
948 1542 1002 1612 οἶόν
1025 1547 1054 1611 τ’
1077 1543 1109 1623 ἦν
1124 1548 1265 1624 δημεύειν.
1303 1547 1375 1612 Mira

300 1656 531 1738 argumentatio.
578 1655 611 1720 Si
640 1659 736 1723 euiiis
767 1659 825 1722 boo
853 1658 1047 1725 manifestum
1078 1660 1202 1738 fuisset,
1226 1683 1291 1724 non
1312 1680 1375 1722 sane

299 1764 556 1833 demonstratione
587 1791 664 1854 opus
696 1778 783 1834 esset.
830 1770 890 1835 sed
921 1794 975 1858 pro
1006 1773 1053 1836 καὶ
1081 1772 1159 1848 λέγω
1182 1772 1214 1834 in
1237 1767 1376 1854 proximis

298 1877 365 1942 sine
395 1881 597 1945 controversia
629 1889 709 1946 reete
739 1885 788 1948 καὶ
815 1881 916 1960 tayo
940 1885 1079 1948 oonieeit.
1126 1883 1195 1947 Hoo
1218 1881 1376 1945 adsciscen-

299 1988 373 2052 dum
400 1998 430 2054 et
452 1992 503 2066 τὴν
526 2002 632 2056 natum
655 2016 691 2057 ex
715 1993 922 2079 dittographia
945 1993 1135 2082 superiorum
1158 1997 1186 2059 τ’
1210 1988 1243 2069 ἦν
1267 1992 1376 2056 eiicien-

300 2099 382 2164 dum.
429 2100 487 2166 Sed
518 2126 557 2167 ne
587 2105 635 2168 vel
665 2107 708 2170 sie
737 2106 859 2191 quidem
881 2106 967 2172 loeus
991 2113 1170 2193 personatus
1193 2112 1248 2169 est.
1285 2107 1379 2188 Argu.

300 2213 448 2278 mentatio
478 2214 552 2280 baeo
579 2239 644 2281 esse
672 2217 808 2282 videtur:
837 2241 872 2283 eo
896 2218 978 2304 quod
1002 2219 1034 2282 in
1058 2218 1189 2282 indicem
1211 2216 1376 2281 retulerunt

302 2324 394 2390 etiam
423 2348 457 2405 ea
488 2349 565 2411 quae
596 2351 652 2413 ego
683 2328 798 2393 dudum
829 2329 1037 2415 possederam,
1062 2335 1186 2413 apparet
1208 2327 1310 2390 omnia
1332 2346 1376 2389 eos

302 2436 474 2522 complexos
496 2459 571 2501 esse.
618 2438 703 2504 Haeo
725 2462 787 2505 non
811 2442 927 2527 reperio
951 2440 1103 2525 quomodo
1124 2440 1156 2504 in
1172 2438 1270 2504 verbis
1286 2439 1377 2502 inesse

301 2549 397 2633 possit
420 2548 447 2612 si
469 2547 570 2614 πάντα
591 2551 633 2616 τά
655 2550 812 2633 Ἐράτωνος
835 2552 1032 2616 retineantur.
1079 2549 1193 2615 Contra
1212 2551 1250 2614 iis
1267 2549 1378 2615 omissis

301 2659 386 2724 loeus
410 2669 490 2724 reote
510 2683 542 2724 se
562 2661 668 2726 habet:
688 2665 738 2727 οὐκ
760 2662 795 2728 διν
815 2662 1030 2743 παραλιπόντες
1050 2661 1122 2727 εἴτι
1142 2661 1218 2726 άλλο
1235 2659 1379 2740 τῶνἘρά-

301 2794 385 2844 τωνος
415 2766 469 2836 οἶύν
499 2774 528 2836 τ’
560 2767 592 2846 ἦν
623 2773 770 2852 δημεύειν,
802 2775 979 2855 άπέηραφον
1006 2773 1055 2839 καὶ
1088 2771 1110 2838 ά
1134 2775 1192 2852 ἐγὼ
1216 2773 1308 2838 πολὺν
1334 2772 1378 2847 ἤδη

301 2880 401 2962 χρόνον
417 2882 576 2964 κέκτημαι,
596 2887 646 2964 „si
666 2887 838 2952 omisissent
858 2887 942 2952 aliud
962 2887 1037 2972 quid
1058 2886 1140 2972 quod
1161 2908 1198 2949 ex
1213 2885 1300 2950 bonis
1315 2883 1378 2947 Era

301 2992 405 3070 „tonis
436 2995 585 3079 proscribi
615 3005 735 3082 posset,
767 3021 829 3063 non
858 3021 930 3063 sane
964 2998 1139 3063 retulissent
1169 2997 1202 3060 in
1233 2996 1375 3069 indicem,

301 3126 403 3188 „quae
426 3128 482 3190 ego
505 3108 564 3172 iam
588 3108 707 3173 dudum
729 3109 900 3197 possideo'?
946 3109 1023 3175 Inde
1047 3111 1129 3174 enim
1151 3108 1315 3195 apparebat
1333 3127 1376 3170 eos

302 3240 338 3281 ea
368 3218 476 3295 etiam,
509 3217 546 3282 de
577 3218 689 3304 quibus
720 3222 833 3306 ambigi
862 3228 981 3308 posset,
1015 3222 1048 3285 in
1082 3221 1203 3285 tabulas
1236 3218 1375 3284 retulisse.

302 3327 403 3394 Verba
425 3329 527 3394 πάντα
549 3330 590 3395 τά
611 3331 768 3412 Ἐράτωνος
791 3333 822 3396 in
846 3331 981 3417 margine
1004 3331 1156 3416 adscripta
1175 3331 1269 3395 fuisse
1283 3329 1377 3393 viden·

302 3446 354 3505 tur
383 3440 422 3505 ad
453 3442 631 3527 explicanda
663 3444 716 3508 illa
743 3442 785 3511 ύτι
807 3446 836 3510 δὲ
860 3445 980 3510 πάντα
1003 3444 1159 3522 δημεύεται
1183 3443 1275 3528 paulo
1298 3459 1375 3523 supe

303 3553 367 3616 rius
390 3553 477 3617 lecta.
523 3554 561 3618 In
592 3554 724 3620 Scheibii
754 3556 883 3621 leotione
906 3557 1006 3621 πάντα
1026 3557 1067 3621 τά
1089 3556 1188 3637 Ἐράτ.
1211 3553 1376 3632 άπέγραφω

305 3664 558 3751 [άπονράφοντες]
580 3667 627 3731 καὶ
650 3665 686 3743 ά,
711 3668 795 3745 rell„
821 3691 913 3754 quam
935 3668 988 3733 ille
1011 3666 1135 3733 uberius
1158 3665 1293 3732 defendit
1314 3662 1334 3726 l.
1357 3659 1374 3722 l.

304 3800 333 3861 p.
362 3778 500 3856 15-17,
525 3780 660 3844 membra
682 3781 825 3845 orationis
847 3781 971 3861 mirifiee
986 3781 1109 3845 turbata
1128 3785 1217 3856 sunt,
1238 3774 1376 3842 nedioam

303 3888 341 3953 de
373 3889 523 3974 particula
550 3887 587 3954 άν
617 3891 784 3956 seeundum
811 3891 899 3956 illum
922 3891 959 3956 ad
984 3890 1177 3977 participium
1201 3895 1317 3953 tantum
1338 3905 1376 3947 ro

303 4000 434 4065 ferenda.

347 4111 522 4176 Secundum
552 4135 587 4177 ea
617 4136 695 4199 qnae
726 4113 764 4178 de
795 4114 937 4178 universa
959 4134 1051 4177 eausa
1073 4111 1180 4175 monui
1203 4110 1375 4192 interpretor
1465 4130 1466 4155 ι

302 4226 435 4290 sectione
460 4228 495 4288 5:
1300 4310 1303 4318 Δ

346 4337 382 4409 ὥς
412 4335 442 4400 δὲ
470 4338 522 4411 την
547 4336 770 4420 άμφιςβύτηοιν
788 4338 836 4402 ε’π.
858 4335 1033 4422 „quomodo
1057 4334 1142 4400 litem
1170 4320 1375 4398 instituerim?

304 4447 439 4532 Exponit
478 4453 595 4533 partem
631 4471 663 4512 se
697 4469 780 4513 nuno
813 4442 966 4513 vindioare
1000 4445 1195 4511 baereditatis
1229 4434 1374 4508 naonis
