2958 5238
793 480 854 541 106

279 675 357 741 Tum
385 674 560 741 Alcibiades
587 677 697 763 (pater)
719 698 766 741 res
790 674 1031 741 Atheniensibus
1055 673 1199 738 conciliat
1221 672 1270 757 (41
1293 673 1364 757 84).

282 787 492 852 Veruntamen
522 787 641 853 Orucae
670 788 763 873 paulo
794 796 864 873 post
896 789 935 871 (a.
957 787 1034 871 416)
1062 785 1166 849 favent
1188 782 1366 869 Spartanis3

279 897 476 964 numerales
500 900 662 985 optimates
685 900 889 985 Argivorum,
913 899 967 983 qui
990 920 1038 962 res
1061 897 1100 961 ad
1122 895 1288 983 Spartanos
1304 901 1368 960 tra·

280 1006 352 1074 here
379 1009 563 1088 studebant,
591 1032 627 1075 eo
650 1010 668 1074 4
690 1010 847 1096 Spartanis
870 1015 1016 1094 tanquam
1039 1008 1073 1072 in
1095 1006 1244 1092 oppidum
1266 1006 1370 1071 loede-

279 1123 380 1183 ratum
400 1119 568 1185 mittuntur
591 1120 640 1205 (cf.
653 1114 709 1185 VI.
733 1123 773 1206 7).
818 1119 900 1185 Fieri
922 1119 1018 1206 igitur
1040 1120 1141 1204 potuit
1164 1125 1200 1183 ut
1215 1116 1370 1182 Orneaea

278 1228 343 1293 filio
366 1228 542 1308 Alcibiade,
566 1237 653 1315 patre
674 1231 766 1315 Argis
789 1230 1001 1316 praesidente,
1024 1228 1273 1295 Lacedaemoniis
1295 1248 1369 1312 pro·

281 1339 363 1405 ditae
378 1340 509 1418 fuerint3
526 1346 557 1405 et
574 1341 617 1406 sic
634 1341 779 1427 explicari
795 1342 989 1427 aliquatenus
1006 1348 1109 1427 posset
1124 1340 1216 1405 lectio
1232 1337 1369 1403 Palatini

280 1451 403 1534 dpasav'r,
435 1450 518 1535 quod
551 1452 712 1518 manifesto
736 1453 821 1518 ducit
844 1453 883 1517 ad
904 1452 1034 1535 'oparata
1080 1451 1160 1516 Sunt
1180 1457 1284 1515 tamen
1308 1449 1371 1513 alia

281 1583 359 1647 quae
382 1562 573 1647 prohibeant.
619 1562 702 1628 Nam
729 1565 811 1649 quod
840 1565 915 1629 dicit
936 1565 1035 1629 filium
1059 1587 1076 1628 a
1099 1571 1186 1649 patre
1207 1585 1368 1640 44447444-

282 1673 389 1754 Φθῆναι
412 1672 485 1737 facit
508 1681 543 1738 ut
561 1673 599 1738 de
622 1675 728 1739 exsilio
751 1675 847 1761 patris
870 1659 1015 1760 cogiteS,
1028 1681 1083 1740 aut
1102 1674 1140 1738 de
1156 1672 1369 1757 expeditione,

281 1781 314 1847 in
343 1805 435 1867 quam
461 1785 568 1870 procul
591 1808 608 1849 a
631 1786 722 1850 domo
745 1787 900 1873 profectus
923 1794 1012 1852 esset.
1059 1786 1201 1866 Quorum
1222 1792 1371 1848 neutrum

281 1899 353 1958 ante
385 1917 433 1958 res
464 1894 574 1961 Orneis
605 1919 632 1967 a.
664 1899 729 1960 416
760 1905 861 1982 gestas
894 1898 1022 1983 cogitari
1050 1902 1151 1981 potest
1158 1921 1167 1974 3
1198 1901 1268 1959 tum
1299 1915 1370 1958 cum

283 2011 382 2069 morte
404 2006 500 2092 patris
522 2006 556 2071 14
578 2007 778 2092 sequentibus
801 2008 876 2072 haec
899 2008 943 2073 ita
965 2007 1090 2093 copulat
1112 2014 1232 2084 orator,
1253 2012 1371 2069 utnon

282 2115 417 2180 multum
443 2117 589 2203 temporis
613 2118 693 2182 inter
715 2118 795 2183 hanc
818 2125 849 2183 et
871 2118 927 2183 filii
950 2117 1169 2203 profectionem
1190 2115 1371 2181 interfuisse

284 2226 390 2312 possit.
437 2227 612 2292 Alcibiades
643 2236 745 2293 autem
768 2235 855 2315 pater
876 2236 1017 2293 mortuus
1041 2236 1086 2294 est
1109 2250 1135 2292 a.
1159 2230 1236 2290 404.
1275 2225 1371 2289 Mitto

285 2360 369 2403 nunc
392 2359 470 2421 quae
493 2338 531 2402 de
552 2339 608 2403 filii
632 2345 730 2404 aetate
753 2339 877 2404 aliunde
900 2346 1057 2417 constant,
1079 2338 1246 2422 dequibus
1263 2342 1372 2422 postea

285 2447 411 2513 videndi
437 2447 523 2513 locus
551 2448 618 2514 erit.
665 2449 796 2536 Reliqua
817 2452 878 2516 iam
901 2451 975 2515 satis
998 2451 1204 2515 demonstrare
1227 2447 1373 2512 uidentur
1426 2482 1428 2493 ι

285 2557 402 2623 Orneas
425 2557 475 2622 hio
498 2581 562 2624 non
584 2559 760 2646 significari.
807 2560 922 2626 Contra
948 2562 985 2625 iis
1010 2561 1192 2645 quaefacta
1215 2566 1291 2622 sunt
1315 2555 1372 2621 sub

285 2671 377 2734 finem
407 2668 481 2735 belli
509 2669 780 2756 Peloponnesiaci,
813 2696 908 2758 quum
932 2671 1108 2738 Alcibiades
1131 2678 1201 2756 post
1223 2667 1374 2733 Antiochi

284 2781 487 2847 temeritatem
508 2783 637 2868 imperio
660 2785 720 2869 ipsi
743 2784 890 2870 abrogato
912 2806 970 2849 suo
992 2791 1090 2848 marte
1113 2782 1146 2846 in
1169 2781 1289 2845 Thrace
1313 2778 1373 2845 bel·

285 2892 353 2957 lum
385 2898 520 2976 gereret,
551 2892 661 2978 Lysiae
691 2894 783 2959 verba
806 2895 921 2980 optima
949 2893 1176 2959 accommodata
1199 2898 1283 2956 suut.
1324 2888 1370 2954 Ibi

285 3003 348 3067 iam
368 3009 438 3067 aute
456 3016 549 3088 prope
569 3003 740 3069 Bisanthen
756 3005 914 3070 castellnm
930 3005 1070 3090 perfugio
1086 3004 1145 3068 sibi
1161 3008 1369 3077 exstruxerat,

286 3119 317 3178 et
340 3135 400 3197 quo
423 3120 558 3199 tempore
581 3126 686 3200 pugna
707 3115 746 3179 ad
769 3117 871 3200 Aegos
894 3115 1036 3180 Potamos
1059 3116 1138 3180 facta
1160 3121 1208 3178 est
1230 3113 1370 3178 1401144-

284 3247 391 3290 saneso
413 3226 543 3290 Thracia
564 3226 750 3291 versabatur.
790 3227 837 3292 Of.
863 3227 948 3292 Plut.
973 3227 1040 3291 Alc.
1065 3249 1090 3292 4.
1116 3228 1157 3290 36
1182 3231 1214 3289 et
1237 3223 1365 3310 passim,

285 3337 366 3402 Xan.
398 3337 481 3402 Hell.
505 3338 533 3401 I.
559 3340 587 3402 5.
614 3341 665 3404 17.
712 3339 758 3404 Eo
780 3346 932 3425 tempore,
957 3362 1038 3404 anno
1063 3341 1126 3405 407
1152 3345 1207 3402 aut
1230 3332 1368 3422 sequenti

286 3449 369 3512 filius
393 3470 410 3511 a
432 3454 519 3535 patre
543 3449 703 3513 arcessitus
727 3457 773 3514 est
796 3450 1016 3536 (μετεπέμφθη)
1035 3451 1097 3515 4144
1118 3457 1155 3513 ut
1169 3449 1217 3513 illi
1233 3449 1368 3512 Athenas

287 3559 321 3623 in
351 3565 507 3643 posterum
537 3582 599 3624 non
630 3559 766 3625 redituro
797 3562 912 3626 auxilio
943 3569 1022 3626 esset
1050 3562 1083 3626 in
1107 3560 1205 3637 bello,
1230 3560 1312 3635 sive,
1335 3557 1368 3616 111

288 3676 390 3735 orator
418 3676 521 3734 noster
549 3671 652 3736 miuus
682 3695 754 3736 sane
785 3658 985 3758 probabiliter
1015 3672 1106 3750 dicit,
1136 3677 1263 3756 propter
1291 3668 1367 3733 vitae

287 3780 523 3866 turpitudinem.
569 3782 618 3848 Ab
650 3805 685 3847 eo
715 3789 851 3869 tempore
880 3784 919 3849 ad
941 3780 1070 3849 mortem
1093 3783 1189 3868 patris
1212 3788 1275 3845 tres
1299 3773 1367 3843 anni

286 3897 376 3970 suut,
402 3893 514 3976 quibus
537 3893 570 3957 in
592 3893 723 3958 vinculis
746 3896 830 3980 apud
853 3896 956 3961 hostes
978 3895 1075 3960 fuisse
1098 3893 1197 3957 filium
1220 3891 1301 3957 nihil
1324 3889 1366 3951 est

262 4003 371 4088 quod
402 4002 523 4069 credere
553 4004 723 4088 prohibeat.
770 4005 871 4087 Quem
901 4028 973 4070 vero
1003 4006 1106 4070 locum
1137 4002 1309 4088 prodiderit
1337 3999 1367 4060 et

287 4116 416 4202 quibus,
440 4114 595 4200 regulisue
617 4115 763 4181 Thraciae
779 4139 818 4182 au
833 4117 1083 4182 Lacedaemoniis
1098 4116 1229 4193 frustra,
1246 4113 1363 4199 opinor,

287 4227 453 4314 quaeritur.
500 4225 634 4291 Tantum
657 4227 740 4312 apud
761 4250 811 4293 me
834 4234 955 4293 constat
977 4251 1088 4293 nomen
1111 4226 1193 4307 cius,
1217 4216 1365 4306 44144Ρί-

287 4340 362 4404 dum
391 4337 579 4424 prodiderit,
611 4337 768 4404 excidisse.
814 4339 973 4405 Sententia
1003 4340 1083 4404 enim
1106 4337 1268 4403 verborum
1290 4325 1363 4414 paud

289 4448 430 4528 Θεοτίμου
452 4475 479 4516 κ.
500 4475 527 4515 τ.
546 4450 569 4515 ἓ.
579 4498 589 4533 ,
613 4448 650 4514 de
671 4472 732 4534 qua
748 4451 860 4536 ambigi
876 4450 979 4529 video,
996 4450 1071 4515 haec
1085 4456 1147 4514 est:
1164 4468 1283 4532 „quum
1298 4458 1360 4506 cum
