2994 5234
618 435 681 497 221

99 639 179 695 natu
213 632 452 715 quingentorum
484 630 561 695 dicit
591 633 607 715 p
639 633 679 692 22
705 630 754 713 (ci.
780 631 818 693 ad
845 633 895 695 19.
924 633 994 714 11);
1018 631 1194 712 itemquae

99 743 116 825 p
149 744 193 802 26
226 747 257 803 et
286 742 326 805 27
337 765 347 816 ς
376 762 411 803 ea
439 740 482 802 sic
505 762 585 803 nera
608 748 681 804 sunt
704 762 830 817 causae,
855 747 892 802 ut
915 762 952 802 ex
975 739 1035 802 alia
1058 739 1196 801 oratione

99 851 167 933 peti
191 871 255 912 non
280 849 449 932 potuerint.
497 847 540 911 Et
561 849 578 931 p
602 851 620 910 8
645 848 702 911 sub
726 848 778 911 fin.
803 855 834 911 et
862 850 900 911 16
924 848 982 911 suh
1005 850 1057 910 fin.
1082 847 1196 910 habent

98 982 165 1023 eam
200 958 352 1022 rationem
386 956 636 1040 demonstrandi,
665 979 744 1042 quae
769 957 882 1021 Atticis
905 958 1036 1021 maxime
1060 962 1107 1020 cst
1129 979 1197 1041 pro-

99 1068 179 1152 pria.
227 1066 352 1145 Unum,
381 1066 463 1150 quod
488 1068 641 1131 rhetorem
667 1074 778 1151 arguat
800 1074 872 1131 sunt
896 1067 970 1131 haec
993 1067 1196 1144 ὁμοιοτέιιεντα

97 1179 114 1261 p
137 1179 198 1239 al:
223 1175 294 1240 ὅταν
317 1177 371 1253 μὲν
393 1175 474 1240 κατά
496 1177 552 1248 τάς
576 1177 760 1258 συγγραφάς
784 1182 924 1253 ποιῶμεν,
941 1174 1066 1240 ἀπαντοι
1086 1177 1127 1241 τά
1139 1176 1196 1240 πά·

97 1309 164 1365 τρια
188 1286 328 1367 θύεται,
353 1285 469 1348 ἐπειδάν
492 1284 521 1347 δέ
543 1287 625 1350 κατά
648 1285 705 1356 τάς
728 1284 840 1358 στάλας
864 1282 901 1355 ἀς
924 1281 1005 1355 οὗτος
1026 1285 1194 1364 ἀνέγραψε,

7 1452 8 1455 ,
99 1396 203 1460 πολλά
233 1401 289 1460 τάν
318 1396 396 1474 ἱερῶν
425 1394 676 1471 καταλύεται,
709 1402 740 1458 et
763 1393 874 1475 πάρισοι
896 1393 938 1458 ib.
962 1394 1054 1459 καίτοι
1077 1390 1196 1464 οὖτοςὸ

98 1504 247 1584 ἱερόσυλος
265 1503 442 1584 περιτρέχει,
463 1504 558 1580 λέγων
578 1507 615 1575 ὡς
637 1504 831 1582 εὐσέβειαν
854 1503 927 1568 ἀλλ’
943 1506 993 1568 οὐκ
1008 1503 1195 1567 εὐτέλειαν

98 1614 265 1694 ἀνέγραψε.
312 1611 384 1676 Huc
407 1612 513 1676 referri
537 1621 669 1697 possunt
691 1616 708 1699 d
732 1616 792 1677 29:
816 1615 992 1694 Νικίμονχον
1010 1611 1112 1678 εἵλεσθ’
1123 1615 1194 1678 ἀνοι-

98 1724 231 1806 γράφειν
253 1722 294 1787 τά
317 1721 471 1803 πάτριοι,
497 1717 517 1803 ᾧ
540 1723 621 1788 κατά
644 1721 785 1802 πατέρα
807 1731 859 1798 τῆς
884 1723 995 1794 πόλεως
1018 1724 1049 1785 οὐ
1067 1723 1196 1801 προςήκει

99 1840 130 1896 et
159 1835 178 1917 p
210 1835 270 1895 31:
302 1827 339 1894 ἀν
370 1832 428 1907 aya
456 1833 586 1909 ἡγοῦμαι
617 1831 696 1903 ε’νίοις
727 1832 874 1911 προςάνειν
906 1833 974 1910 ὑπὲρ
1004 1837 1060 1894 τῶν
1082 1832 1195 1900 ἑαυτοῖς

99 1940 317 2020 πεπραγμένον
348 1941 616 2016 ἀπολογεῖσθαι
646 1940 722 2004 πολὺ
753 1944 870 2017 μάλλον
896 1940 913 2015 ἢ
936 1941 1002 2011 τοὺς
1023 1939 1195 2011 ἀδικοῦντας

100 2050 201 2130 σώζειν
220 2050 477 2128 προαιρεῖσθαι.
502 2047 678 2112 Secundum
694 2048 942 2134 Theophrastum
959 2048 1066 2133 Lysias
1083 2051 1115 2113 in
1132 2072 1196 2113 ora·

100 2159 188 2222 tione
211 2180 267 2242 pro
291 2156 382 2221 Nicia
405 2157 544 2221 dixerat:
568 2157 651 2222 κλάει
673 2159 721 2222 τὸν
740 2157 900 2239 ἀμάχητον
915 2159 964 2222 καί
981 2157 1196 2238 ἀναυμάχητον

100 2267 212 2348 ὄλεθρον
244 2275 274 2330 et
306 2266 367 2330 alio
396 2267 464 2331 loco
495 2269 577 2349 (nam
608 2266 682 2329 haee
709 2267 869 2331 cohaerere
892 2290 963 2331 curn
986 2270 1194 2353 superioribus

101 2398 165 2440 non
191 2376 364 2461 videntur):
388 2378 482 2442 ἱκέται
506 2378 561 2453 μὲν
584 2377 666 2442 αὐτοὶ
689 2384 746 2443 τῶν
770 2379 836 2442 θεῶν
858 2377 1035 2458 καθίζοντες,
1056 2379 1194 2460 προδότας

101 2488 131 2551 δὲ
171 2494 228 2552 τῶν
264 2486 350 2569 ὅρκιον
377 2491 457 2565 ἡμᾶς
491 2486 563 2571 (leg.
594 2490 686 2570 ὑμᾶς)
714 2489 945 2571 ἀποφαίνοντες,
977 2490 1194 2561 ἀνακαλοῦντες

99 2598 292 2679 συγγένειαν,
316 2598 466 2674 εὐμένειαν
489 2598 540 2681 (ap
563 2596 658 2660 Dion.
684 2596 756 2660 Hal.
781 2596 819 2660 de
842 2596 914 2682 Lys.
939 2619 965 2662 c.
992 2600 1032 2660 14
1056 2621 1086 2682 p.
1109 2601 1193 2676 483,

99 2707 229 2792 larisa).
277 2704 366 2785 Quae
399 2707 503 2790 inepta
534 2713 623 2784 sunt,
656 2713 692 2769 ut
722 2706 768 2770 nil
800 2729 901 2791 supra.
947 2706 1007 2771 Sed
1034 2729 1097 2771 non
1120 2709 1196 2773 ohli-

5 2802 6 2879 ί
99 2815 281 2880 viscendum
305 2823 381 2901 puto
404 2817 556 2901 pertinere
579 2818 653 2881 haee
670 2817 708 2880 ad
726 2825 857 2881 aetatem
875 2820 987 2883 nostris
1003 2819 1193 2882 orationibus

4 2946 5 2989 ι
98 2926 323 3010 antiquiorem,
356 2947 418 3008 qua
447 2926 599 2990 inficetum
624 2926 798 2990 Siculorum
823 2932 919 2990 artem
942 2926 1051 3010 Lysias
1074 2949 1194 2991 consec·

4 3068 5 3119 ρ
98 3042 185 3098 tatus
209 3036 259 3098 sit.
307 3034 423 3117 Utique
444 3057 545 3099 veram
568 3058 631 3100 non
648 3036 788 3099 existimo
807 3035 1032 3114 defensionem
1050 3037 1192 3121 equidem

3 3134 5 3205 ζ
98 3145 266 3222 nescirem,
291 3153 398 3209 utrum
421 3145 602 3230 ineptiorem
625 3145 757 3209 dicerem
781 3145 923 3230 Lysiam,
949 3147 1003 3229 qui
1026 3147 1101 3210 haec
1122 3147 1194 3210 scri·

3 3274 4 3327 3
98 3255 170 3318 bere
202 3256 340 3339 potuerit
370 3277 410 3318 an
434 3254 572 3332 Niciam,
597 3255 707 3336 quiin
731 3255 838 3318 mortis
864 3255 1001 3339 periculo
1028 3255 1102 3318 haec
1125 3277 1193 3340 pro-

2 3358 4 3421 ’ἶ
97 3364 246 3428 nunciare
276 3364 424 3442 voluerit,
457 3364 552 3428 fuisse
581 3363 702 3427 videtur
730 3364 835 3448 potius
859 3365 1042 3455 declamatio
1067 3363 1190 3428 eludo.

2 3506 3 3513 ι
97 3472 158 3537 Sed
190 3472 343 3556 quidquid
374 3473 431 3536 hoc
463 3481 510 3538 est
541 3496 577 3538 ex
609 3475 765 3558 superiore
794 3475 850 3539 illa
877 3482 977 3540 aetate
992 3474 1118 3562 ‚aliquid
1141 3473 1193 3538 ad·

97 3582 233 3646 haesisse
255 3589 367 3666 potest.
395 3581 514 3647 Similia
537 3584 645 3666 utique
661 3584 833 3649 invenimus
849 3586 881 3649 in
898 3585 1037 3670 proxima
1054 3584 1192 3647 oratione

2 3776 3 3781 η
96 3692 180 3756 κατά
211 3688 343 3761 Φίλωνος.
389 3690 448 3756 Sed
473 3692 602 3756 maxima
625 3691 793 3757 tenendum
816 3695 920 3759 lusum
943 3694 1032 3758 illum
1054 3694 1088 3758 iu
1110 3696 1191 3758 εὐτε-

96 3803 165 3883 λείᾳ
189 3807 220 3864 et
242 3801 379 3885 εὐσεβείᾳ
403 3802 441 3867 ab
464 3812 584 3867 oratore
607 3810 755 3885 tanquam
778 3802 958 3869 Nicomachi
982 3804 1099 3868 dictum
1124 3826 1191 3888 pro-

96 3910 186 3987 ferri3
207 3910 305 3997 ipsius
326 3912 407 3975 enim
426 3911 609 3976 Nicomachi
629 3911 704 3976 haec
723 3911 816 3976 verba
835 3935 899 3977 esse
916 3913 1006 3978 fidem
1022 3912 1190 3997 faciepar,

101 4019 155 4084 ubi
177 4018 385 4083 Nicomachus
405 4028 624 4085 annumeratur
638 4029 698 4093 τοῖς
715 4022 878 4100 δυναμένοις
890 4023 997 4102 λέγειν.
1021 4022 1189 4086 Rhetorum

99 4152 183 4193 more
208 4128 416 4193 Nicomachus
439 4130 470 4193 in
488 4130 540 4194 illa
564 4131 777 4214 paronomasia
800 4124 962 4198 admodum
987 4134 1046 4199 sihi
1069 4132 1192 4218 placens

99 4248 249 4324 perpetuo
272 4237 364 4301 verba
387 4240 446 4302 ista
469 4240 501 4302 in
525 4261 576 4303 ore
592 4239 736 4304 hahebat.
753 4239 959 4326 Subineptum
975 4252 1021 4307 est
1036 4243 1134 4308 ἀνίεται
1146 4279 1190 4289 --

98 4348 215 4413 λύεται.
262 4345 344 4410 Nam
375 4349 425 4411 vix
456 4348 514 4413 hoc
541 4350 702 4413 fortuitum
726 4372 792 4415 esse
816 4359 925 4437 potest.
971 4353 1100 4438 Reliqua
1124 4352 1190 4415 eius
