2994 5234
822 431 884 493 178

305 628 517 714 praetermisit.
564 627 610 690 De
639 626 792 707 όφείλεται
815 626 839 688 δ’
862 629 961 697 αὐτοῖς
985 626 1023 690 ef.
1049 627 1087 689 ed
1109 630 1161 690 13.
1181 629 1232 691 63.
1250 665 1292 675 -
1309 627 1374 690 Tum

302 737 467 821 legendnm
495 737 551 807 τόις
582 735 644 814 περὶ
676 733 784 799 τοιίτων
805 735 891 800 οίτοδ.
915 757 1002 812 „non
1024 736 1111 799 vobis
1136 736 1262 821 dignum
1285 743 1326 801 est
1344 736 1375 798 de

302 848 374 925 „his
406 848 474 931 [qui
505 852 576 908 ante
604 845 749 930 descripti
782 852 855 908 sunt
886 844 985 909 verbis
1016 843 1073 910 ὅσοι
1096 884 1141 894 -
1165 846 1374 929 πεπραγμένων]

301 956 491 1033 „calumnias
514 954 650 1018 audire.'’
696 953 779 1017 Male
801 954 904 1017 vincta
929 962 975 1017 est
997 956 1095 1018 oratio
1120 955 1180 1019 nisi
1204 952 1260 1021 ὅσοι
1282 957 1374 1031 habet,

301 1088 363 1149 quo
392 1065 549 1129 referatur.
597 1063 822 1148 Compendium
855 1065 1090 1150 praepositionis
1126 1065 1192 1146 τερί
1225 1068 1263 1148 (Π
1298 1086 1377 1148 snpra

300 1176 413 1259 scripto
437 1178 464 1255 ε)
488 1181 558 1237 ante
580 1183 610 1236 T
633 1172 780 1237 excidisse
802 1174 935 1236 videtur.
981 1174 1208 1252 Ὕτοδίχεοόαι,
1226 1173 1308 1258 quod
1321 1173 1376 1236 Pel.

299 1284 393 1349 habet
414 1286 554 1369 ineptum
575 1305 657 1359 esse,
683 1304 788 1346 omnes
812 1282 966 1347 viderunt.

343 1395 360 1476 p
386 1396 435 1456 13.
476 1393 579 1456 καίτοι.
602 1391 759 1455 Dobreus=
780 1412 990 1474 ,μαονκοαονκ
1015 1387 1083 1454 Imo
1105 1392 1166 1455 καί.
1182 1430 1228 1440 -
1251 1390 1321 1455 Non
1335 1413 1381 1475 op·

300 1503 451 1587 ,‚positio,
476 1500 529 1564 sed
553 1500 776 1564 continuatio.”
803 1499 877 1564 Non
894 1501 1051 1564 assentior.
1084 1501 1205 1578 Multa,
1222 1503 1337 1585 inquit,
1351 1502 1380 1564 in

299 1612 455 1675 civitatem
478 1610 597 1673 contuli
619 1609 774 1673 beneficia.
807 1609 849 1673 Et
870 1617 973 1674 tamen
997 1613 1033 1693 (s.
1058 1618 1090 1674 at
1105 1613 1188 1695 vero)
1205 1594 1334 1675 hocfeci
1348 1617 1378 1672 ut

263 1734 266 1741 '
296 1721 420 1784 meliore
443 1721 511 1784 loeo
535 1720 617 1804 apud
640 1743 694 1783 vos
718 1742 829 1796 essem,
852 1742 915 1783 non
933 1720 1101 1803 praesentis
1117 1719 1316 1784 emolumenti
1331 1728 1379 1782 ant

296 1831 421 1894 honoris
445 1852 544 1894 eausa.
592 1830 726 1895 Similem
749 1830 982 1915 explicationem
997 1830 1089 1894 habet
1105 1830 1186 1893 idem
1203 1829 1378 1894 vocabulum

294 1941 312 2023 p
337 1943 377 2002 14
401 1940 459 2004 snb
482 1940 552 2003 fin:
574 1940 738 2004 adversarii
754 1962 816 2003 non
832 1940 1019 2003 contendent
1034 1962 1083 2003 me
1099 1939 1156 2003 sub
1173 1940 1301 2023 triginta
1313 1939 1378 2001 viris

295 2071 421 2112 munere
444 2049 602 2126 functum
627 2057 656 2114 et
678 2056 774 2113 tamen
798 2071 833 2113 eo
849 2048 1027 2113 fatebuntur
1044 2072 1092 2112 me
1108 2049 1224 2111 honore
1240 2048 1376 2132 dignum,

296 2180 328 2220 se
357 2159 517 2222 mendaces
551 2181 625 2223 esse.
673 2158 720 2222 Of.
753 2160 843 2222 etiam
868 2161 885 2243 d
912 2161 950 2222 16
974 2159 1069 2223 καίτοι
1092 2161 1116 2223 εἷ
1139 2165 1208 2231 τοῖς.
1239 2159 1277 2222 In
1300 2181 1379 2242 snpe-

296 2267 427 2330 rioribus
462 2290 574 2351 sequor
602 2267 821 2333 Marklandnm
857 2290 927 2333 oum
957 2267 1115 2344 Scheibi03
1148 2275 1219 2351 post
1244 2268 1309 2332 οὔτε
1330 2274 1379 2332 τῶν

295 2377 481 2456 τετρακοσίων
513 2377 652 2453 ἐγενόμην
676 2376 869 2461 abrumpitur
899 2378 996 2440 oratio
1020 2399 1074 2460 per
1096 2377 1361 2460 interrogationem
1367 2402 1376 2453 3

293 2492 360 2549 tum
391 2509 446 2570 pro
477 2487 573 2551 altero
600 2487 666 2551 οὔτε
696 2495 815 2551 mutata
843 2494 1014 2571 structura:
1045 2489 1076 2551 οὐ
1100 2489 1190 2551 τοίνυν
1211 2485 1265 2551 οὐδ’
1286 2486 1371 2551 ἕτειδ

294 2600 317 2662 οἱ
336 2598 491 2677 τριοίκοντα
511 2599 577 2681 (pro
595 2608 691 2662 ΟΙΔΕ
711 2598 732 2660 i.
757 2620 783 2661 e.
809 2599 900 2673 OIA',
925 2599 949 2661 οί
972 2598 1013 2680 λ’)
1036 2597 1241 2678 κατέστασαν,
1262 2622 1289 2660 κ.
1309 2621 1336 2659 τ.
1354 2596 1375 2658 ἓ,

337 2708 354 2789 d
379 2709 430 2769 19.
477 2707 538 2770 ἔνιοι
562 2706 585 2769 δ’
608 2706 655 2770 ἒτί
679 2713 739 2777 τοῖς
762 2706 906 2785 ὑμετέροις
929 2704 1116 2784 ἐδωροδόκουν.
1152 2705 1293 2769 Dobrens
1314 2726 1376 2767 oon·

292 2814 367 2878 tulit
391 2818 443 2878 29.
471 2818 529 2877 ll:
563 2818 719 2895 Ἐργοκλεῖ
746 2815 875 2886 συνειδὼς
906 2815 1060 2879 κλέπτοντι
1088 2814 1137 2878 καὶ
1162 2815 1209 2878 ἐντί
1231 2822 1290 2885 τοῖς
1313 2815 1376 2890 ὑμε·

294 2926 380 3004 τέροις
403 2925 606 3004 δωροδοκοῦντι.
638 2923 743 3003 Quare
765 2932 864 2995 κακοῖς
887 2946 950 2987 non
974 2924 1148 2988 addendum
1174 2926 1291 3009 opinor.
1321 2922 1378 2988 Ετί

292 3035 444 3118 signifieat
478 3033 573 3110 illud,
610 3056 671 3118 quo
706 3041 852 3116 tanquam
889 3033 1015 3116 pignore
1049 3033 1232 3116 interposito
1264 3030 1376 3117 aliquid

292 3145 497 3208 nanciscimur
504 3170 514 3221 ;
544 3151 644 3207 vestra
667 3144 747 3206 bona
769 3145 803 3206 in
826 3143 988 3208 discrimen
1012 3143 1145 3220 dabant,
1171 3150 1207 3206 ut
1231 3164 1284 3225 per
1307 3141 1375 3204 haec

290 3253 495 3329 lucrarentur,
528 3274 589 3335 qua
619 3252 650 3314 vi
680 3253 731 3315 ε’τί
761 3259 807 3314 est
832 3252 865 3314 in
896 3251 1032 3331 δανείζειν
1063 3259 1094 3315 et
1125 3251 1302 3332 δανείζεσθαι
1333 3248 1374 3314 ε’τὶ

290 3362 426 3442 ὑτοόνίκμ,
451 3362 498 3426 ε’τὶ
522 3372 559 3442 τῇ
583 3361 643 3437 νκί,
668 3361 762 3424 δοῦναι
785 3360 833 3424 ἐτ’
857 3362 990 3441 ἐνεχύρῳ.

332 3473 349 3554 p
373 3473 425 3533 22.
472 3470 568 3544 ἐπειδὴ
596 3470 626 3533 δὲ
654 3468 850 3546 τννόοίνοιοόε,
884 3471 951 3542 τοὺς
978 3471 1031 3547 μὲν
1055 3470 1230 3548 τριςχνλίοος
1256 3466 1373 3533 ττοιοιό·

287 3580 389 3659 ζοντας
411 3618 473 3657 -,
506 3580 622 3650 πλείους
652 3578 780 3651 δόντας
804 3581 870 3651 τοὺς
893 3580 980 3658 ὑπὲρ
1004 3584 1101 3655 ἡμῶν
1124 3579 1253 3650 δεδιότας
1275 3578 1291 3652 ἢ
1315 3576 1372 3643 τοὺς

288 3691 356 3765 ὑμῖν
388 3694 605 3766 πολεμοῦντας,
636 3687 699 3752 τοτ’
732 3687 783 3761 ἤδη
814 3726 859 3736 -
886 3687 1085 3766 τροςεδοκῖιτε.
1132 3686 1193 3750 Pro
1217 3687 1246 3752 δὲ
1273 3682 1371 3750 τννόοί-

287 3800 376 3863 νοισόε
407 3798 610 3860 necessarium
642 3796 765 3859 videtur
793 3795 816 3859 δ’
839 3796 1037 3862 ε’τυνόοίνεσόε.
1084 3794 1159 3859 Non
1182 3797 1264 3860 enim
1287 3794 1370 3858 utin

287 3907 471 3993 praegressis
503 3906 605 3988 agitur
636 3905 673 3967 de
705 3905 825 3967 actione
852 3906 983 3989 repetita
1006 3902 1066 3989 (ίτε
1084 3904 1232 3982 οίκονίοιτε,
1261 3923 1366 3988 quum,

287 4016 425 4101 quoties,
450 4014 631 4097 audiebatis)
655 4012 706 4076 sed
732 4035 795 4076 uno
818 4020 985 4077 momento.
1032 4013 1111 4076 Tum
1135 4012 1293 4097 aliquanto
1316 4031 1368 4073 me·

284 4127 345 4189 lius
369 4124 466 4187 Palat.
491 4126 558 4195 τοὺς
582 4124 650 4203 ὑπὲρ
674 4124 752 4198 ὑμῶν
772 4122 910 4194 δεδιότας.
946 4122 1028 4186 Nam
1044 4125 1070 4186 si
1086 4124 1235 4187 voluisset
1249 4120 1364 4206 Lysias:

285 4237 389 4321 plures
418 4256 482 4297 esse
505 4234 683 4308 internos,
709 4233 763 4314 qui
787 4232 846 4296 sibi
869 4234 1031 4312 timerent,
1056 4234 1229 4317 scripsisset
1252 4230 1363 4315 opinor:

283 4343 551 4416 sualaveldoni
574 4346 668 4421 ἡμῶν
695 4342 782 4412 τοὺς
806 4342 892 4421 ὑπὲρ
915 4345 1033 4408 αὑτῶν
1056 4341 1201 4418 δεδιότας,
1226 4347 1280 4404 ant
1294 4340 1364 4402 certe
