3002 5240
777 411 818 472 24

254 608 445 693 eloquentiae
466 608 528 671 sint
544 606 764 686 admovendae,
783 609 837 672 sed
853 609 982 694 simplex
998 609 1146 694 expositio
1159 610 1338 686 satisfaciat,

254 729 290 784 ut
317 721 530 783 assentiantur.

299 830 347 895 Ab
371 830 427 894 hac
449 852 550 894 rerum
575 830 622 913 (ut
638 831 682 894 ita
698 830 807 916 dicam)
831 832 979 896 brevitate
995 832 1161 917 Dionysius
1178 832 1342 915 distinguit

254 943 305 1016 τὴν
323 942 540 1021 συστρέφουσαν
560 943 601 1005 τα
619 942 753 1016 νοήματα
771 943 820 1006 καὶ
840 944 1029 1022 στρογγύλως
1050 943 1225 1026 ἐκφέρουσαν
1244 941 1339 1018 λέξιν,

188 1084 190 1088 >
255 1051 367 1137 quibus
399 1050 497 1115 verbis
527 1051 566 1114 ad
594 1052 711 1136 periodi
733 1054 856 1137 respicit
879 1055 1112 1138 proprietatem,
1137 1076 1198 1137 qua
1221 1060 1340 1118 senten·

253 1165 313 1229 tiae
337 1164 369 1227 in
392 1163 481 1226 breve
504 1170 624 1237 coactae
647 1148 728 1226 hodo
752 1165 840 1246 quasi
864 1172 1097 1228 connectuntur.
1144 1163 1213 1227 Hoc
1237 1171 1338 1227 autem

254 1297 316 1360 quo
338 1276 405 1338 iure
427 1273 703 1338 Halicarnasseusis
726 1274 834 1359 Lysiae
857 1276 1028 1354 adscribat,
1054 1276 1163 1340 viderit
1185 1277 1260 1359 ipse.
1299 1274 1340 1337 Et

254 1394 355 1451 tamen
379 1384 416 1449 de
438 1385 688 1468 interpretatione
712 1387 776 1450 eius
802 1388 969 1451 sententiae
994 1387 1128 1452 dubitari
1153 1408 1214 1451 non
1230 1394 1339 1470 potest.

253 1496 390 1561 Eandem
414 1496 492 1559 enim
518 1496 669 1580 significat
692 1498 855 1575 virtutem,
881 1521 971 1582 quam
996 1497 1200 1562 Demostheni
1222 1519 1342 1561 summo

254 1610 320 1672 iure
343 1606 436 1691 vulgo
460 1605 638 1669 adscribunt
668 1607 862 1686 (Δημοσθένης
886 1608 915 1673 δὲ
939 1608 987 1673 καὶ
1012 1608 1228 1689 ὑπερεβάλετο,
1251 1605 1272 1671 1.
1297 1606 1341 1692 1.).

255 1719 303 1783 De
332 1719 426 1783 Isocr.
459 1740 485 1781 c.
519 1720 555 1780 2:
579 1716 748 1796 στρογγύλη
780 1718 807 1781 h'
829 1721 879 1783 οὐκ
901 1718 978 1784 ἔστιν
1003 1721 1031 1803 (ἦ
1054 1717 1230 1797 Ἰσοκράτους
1253 1716 1342 1802 λέξις)

253 1830 347 1909 ὥσπερ
366 1830 455 1905 ε’κείνν
478 1829 507 1913 (ἡ
527 1829 646 1911 Λυσίου)
668 1828 718 1892 καὶ
738 1830 1062 1909 συγκεκροτημένη.
1077 1900 1081 1911 ,
1098 1829 1145 1894 lb.
1170 1852 1195 1893 c.
1222 1832 1261 1892 ll
1283 1828 1343 1912 Ly·

255 1944 328 2006 siam
353 1940 513 2027 praeponit
528 1940 664 2004 'Isocrati
678 1941 707 2005 ἐν
723 1944 763 2021 τῷ
779 1944 949 2021 συστρέφειν
965 1942 1005 2006 τοὶ
1020 1940 1151 2019 ὀνόματα
1165 1938 1342 2025 (acclamat)

254 2053 303 2118 real
321 2052 510 2132 στρογγύλως
530 2050 668 2132 ἐκφέρειν.
699 2051 777 2116 Sane
796 2051 904 2137 Lysias
926 2052 1095 2117 nonhabet
1112 2052 1233 2117 dulcem
1249 2060 1342 2134 atque

255 2166 410 2230 decoctam
442 2164 613 2228 ubertatem
644 2162 761 2247 periodi
789 2162 973 2241 Isocrateae,
998 2186 1103 2228 verum
1127 2171 1172 2227 est
1195 2160 1342 2246 quiddam
1371 2184 1383 2207 '-

254 2279 334 2342 iuter
356 2275 474 2340 Tanain
497 2297 696 2359 socerumque
719 2274 837 2339 Viselli.
885 2273 957 2339 Non
981 2274 1106 2339 densam
1129 2283 1160 2340 et
1187 2274 1341 2338 astrictam

254 2390 416 2454 verborum
447 2388 539 2453 babet
562 2387 881 2471 comprehensionem,
905 2395 1065 2473 propterea
1088 2387 1171 2472 quod
1193 2386 1342 2450 Isocrates

255 2501 401 2586 prolixior
423 2506 478 2563 est.
514 2498 615 2563 Facile
638 2498 861 2583 intellegimus,
884 2499 1130 2584 Theophrastum
1153 2501 1186 2564 in
1205 2521 1241 2563 eo
1258 2497 1345 2561 aDi·

256 2612 362 2697 onysio
384 2611 544 2676 dissentire
566 2611 718 2696 potuisse,
740 2633 836 2695 quum
855 2634 911 2675 suo
923 2613 990 2676 iure
1005 2611 1265 2697 Thrasymachum
1281 2609 1344 2692 (an-

255 2723 418 2807 tiquiorem
441 2722 617 2807 ceteroquin
641 2744 733 2806 quam
755 2721 861 2806 Lysias
886 2726 943 2804 est)
961 2730 1133 2827 strqcturae
1148 2721 1343 2807 periodorum

255 2841 426 2899 contractae
449 2835 636 2898 inventorem
659 2832 863 2918 praedicaret;
888 2834 924 2898 cf.
949 2834 987 2898 de
1009 2834 1081 2918 Lys.
1097 2836 1134 2911 6,
1151 2833 1189 2896 de
1204 2831 1292 2895 Dem.
1310 2832 1341 2893 3.
1374 2836 1379 2845 '

255 2945 321 3011 Nec
345 2967 416 3009 vero
438 2943 545 3029 Lysias
568 2944 684 3027 ubique
707 2943 806 3007 brevis
824 2953 884 3008 est.
921 2943 1000 3008 Vide
1024 2945 1106 3008 hune
1129 2943 1232 3007 locum
1255 2939 1343 3004 eNi-

255 3056 417 3122 comachea
438 3057 455 3141 q
476 3058 535 3119 21:
552 3057 580 3120 ἕν
600 3056 672 3120 δυοῖν
690 3056 743 3132 μὲν
763 3057 835 3121 ἐτοῖν
855 3056 945 3120 πλείω
965 3054 1015 3130 riba
1034 3061 1086 3120 τοῦ
1105 3055 1212 3126 δέοντος
1231 3053 1340 3117 δώδεκα

255 3166 381 3234 τάλαντ’
403 3168 551 3242 ἀνήλωσε,
575 3167 644 3245 παρ’
669 3162 791 3232 ἕκαστον
813 3167 843 3231 δὲ
864 3166 940 3252 [τὸν]
961 3166 1086 3232 ἐνιαυτὸν
1105 3166 1292 3246 ε’τεχείρνσεν
1309 3161 1342 3239 ἓξ

256 3280 411 3351 ταλάντοις
441 3281 492 3354 τὴν
522 3277 604 3343 πάλιν
635 3277 786 3358 ζημιῶσαι.
828 3277 875 3342 Of.
904 3277 1055 3342 etiamad
1081 3280 1132 3341 13.
1158 3280 1198 3340 la
1223 3285 1253 3340 et
1278 3277 1340 3352 63,

257 3401 288 3457 et
319 3391 357 3455 ad
387 3393 438 3455 28.
470 3392 520 3453 16.
567 3388 702 3454 Omnino
726 3404 926 3474 quaecunque
949 3388 1134 3474 praestantia
1157 3394 1276 3473 poterat
1298 3387 1343 3451 in-

256 3503 374 3579 venire,
399 3524 434 3566 ea
457 3501 530 3563 satis
554 3499 720 3564 liberaliter
743 3499 852 3585 Lysiae
875 3498 991 3564 Rhetor
1014 3498 1183 3583 adscripsit.

300 3612 441 3676 Percurri
463 3611 611 3676 iudicium
636 3611 782 3695 Dionysi3
803 3633 903 3696 neque
920 3612 1001 3676 euim
1016 3611 1054 3676 de
1070 3612 1203 3696 puritate
1219 3610 1343 3694 linguae

257 3731 287 3787 et
311 3721 483 3786 sinceritate
507 3722 647 3786 cramben
670 3734 820 3786 recoctam
844 3745 997 3807 apponere
1020 3722 1129 3806 placet.
1176 3720 1343 3808 Splendido

255 3834 309 3898 illo
333 3833 482 3897 virtutum
505 3833 667 3917 praeconio
690 3833 805 3897 factum
829 3841 893 3911 est,
918 3841 954 3897 ut
978 3857 1065 3898 suam
1080 3833 1140 3918 ipsi
1160 3833 1341 3915 sententiam

256 3945 294 4009 de
323 3944 432 4029 Lysiae
462 3944 576 4008 meritis
600 3966 662 4007 non
689 3945 927 4029 pronunciarent
957 3945 1088 4010 editores
1112 3953 1142 4009 et
1165 3946 1339 4029 opinionem

257 4057 294 4119 de
326 4056 509 4140 praestantia
531 4055 736 4148 susciperent,
762 4057 812 4120 cui
834 4056 950 4121 multae
973 4081 1009 4121 ex
1032 4057 1238 4135 orationibus,
1262 4079 1341 4142 quae

257 4166 409 4250 hodieque
432 4173 564 4244 exstant,
589 4188 697 4251 parum
717 4165 911 4251 respondent.
948 4167 1020 4232 Non
1038 4176 1159 4234 tantum
1178 4193 1214 4234 ex
1229 4169 1342 4236 tradita

257 4276 388 4362 quadam
411 4277 553 4363 opinione
574 4277 679 4341 rhetor
694 4277 802 4362 Lysiae
824 4278 951 4342 virtutes
978 4281 1188 4364 exaggeravit;
1205 4281 1258 4345 sed
1275 4282 1340 4344 eius

256 4389 323 4461 laus
354 4390 465 4483 partim
488 4390 578 4453 etiam
609 4388 681 4456 inde
711 4398 756 4453 est
787 4390 982 4480 explicanda,
1008 4391 1091 4476 quod
1113 4393 1212 4458 multo
1235 4393 1340 4478 plures
