2994 5234
815 474 879 535 210

301 670 459 735 boantium
489 672 550 735 vim
581 671 714 755 aliquam
746 670 1003 734 nanciscebantur
1038 671 1066 753 (q
1099 671 1157 746 19,
1190 670 1266 753 sqq.)
1292 674 1372 732 0101

299 780 443 864 opinione
467 782 621 846 communi
644 780 682 845 de
706 782 772 845 eius
797 781 924 846 scientia
947 780 1052 865 legum
1072 802 1127 865 pro
1147 780 1286 864 genuinis
1298 778 1373 841 hahe-

299 890 412 952 bantur
441 897 472 954 et
499 891 747 955 observabantur.
795 890 875 954 Rara
898 890 963 954 avis
986 898 1052 954 erat
1075 890 1309 953 iurisconsultus
1330 889 1373 950 ht

298 999 378 1062 ticus
409 1007 440 1063 01
469 999 596 1062 minoris
632 999 669 1063 ab
704 1007 824 1063 oratore
859 1000 994 1064 habitus.
1041 998 1114 1062 Non
1148 999 1252 1082 magni
1281 997 1374 1074 refert,

298 1115 403 1172 utrum
435 1109 600 1174 sollemnes
626 1111 759 1174 rationes
791 1109 932 1196 (εὐθύνας)
956 1110 989 1174 hi
1014 1110 1210 1174 nomothetae
1233 1108 1375 1182 dederint,

297 1240 353 1282 neo
384 1241 432 1283 ne.
479 1219 708 1282 Demonstravit
739 1218 893 1304 Bergkius
923 1219 945 1283 1.
969 1220 993 1282 l.
1024 1243 1054 1303 p.
1090 1222 1151 1282 155
1181 1219 1251 1282 coll.
1280 1216 1376 1280 Aescb.

297 1327 380 1392 Ctes.
408 1332 447 1393 14
471 1351 534 1393 non
557 1328 692 1407 dedisse,
726 1329 809 1413 quod
838 1329 920 1393 intra
942 1328 1070 1412 triginta
1090 1326 1155 1391 dies
1176 1351 1287 1392 munus
1305 1327 1378 1391 abso

296 1439 398 1503 lutum
422 1446 510 1503 esset.
557 1439 689 1503 Dubitat
711 1440 750 1503 de
774 1462 810 1503 eo
833 1439 962 1523 Weyers
986 1440 1019 1502 in
1043 1439 1133 1503 diatr.
1158 1440 1191 1503 in
1207 1439 1277 1523 Lys.
1296 1460 1336 1501 01.
1350 1437 1377 1499 in

296 1549 535 1626 Nicomachum,
559 1574 589 1635 p.
608 1552 661 1614 35.
697 1550 816 1634 Utique
832 1549 953 1633 legibus
969 1549 1126 1634 rescriptis
1143 1556 1173 1612 et
1189 1570 1259 1612 oum
1275 1547 1379 1633 populo

295 1661 377 1722 iutra
399 1661 599 1724 constitutam
623 1659 703 1723 diem
728 1658 979 1737 communicatis,
1003 1659 1203 1744 magistratus
1227 1657 1380 1723 000011001-

294 1767 427 1846 nebant,
466 1769 609 1853 quodque
647 1791 729 1833 unus
769 1777 876 1854 postea
907 1790 964 1832 suo
995 1768 1097 1832 Marte
1128 1768 1239 1853 agebat
1269 1756 1328 1832 non
1356 1765 1381 1827 vi

294 1878 429 1940 muneris
459 1876 568 1954 fiebat,
600 1877 719 1940 etiamsi
752 1878 847 1941 tacito
880 1877 993 1942 civium
1028 1900 1178 1943 consensu
1202 1878 1379 1963 probaretur.

294 1985 503 2049 Veruntamen
531 2008 568 2049 ex
598 1987 655 2050 hac
685 1985 811 2070 Bergkii
841 1987 1050 2051 admonitione
1082 1987 1289 2073 intellegitur,
1319 2007 1380 2050 vere

293 2095 418 2159 10110000
442 2102 646 2160 accusatorem
671 2096 783 2159 dixisse
806 2119 977 2182 numquam
1006 2098 1139 2161 rationes
1160 2119 1179 2160 0
1201 2094 1378 2161 Nicomacho

292 2203 380 2268 datas
403 2204 509 2268 fuisse.

336 2314 395 2377 Per
425 2336 478 2378 0011
508 2336 603 2378 annos
632 2315 795 2379 continuos
819 2321 889 2379 ante
912 2315 1077 2399 imperium
1099 2314 1228 2398 triginta
1252 2315 1375 2376 virorum

291 2424 398 2508 populi
420 2424 568 2488 mandatu
590 2424 687 2508 egisse
704 2423 927 2488 Nicomachum
945 2447 1006 2488 non
1023 2430 1125 2509 potest
1140 2424 1246 2508 negari
1261 2431 1376 2508 propter

290 2555 326 2596 ea
356 2555 433 2618 quae
465 2533 611 2616 leguntur
633 2535 650 2617 q
673 2536 710 2597 3:
735 2533 957 2610 ἐπιβαλλόντων
982 2532 1010 2597 δὲ
1034 2540 1090 2597 τῶν
1112 2532 1263 2613 ἀρχόντων
1285 2532 1375 2610 ἐνιιβν-

289 2642 346 2712 λέις
377 2643 425 2705 aa)
454 2642 628 2717 εἷςιινόντων
658 2643 698 2713 εἷς
728 2644 761 2706 τὸ
787 2642 964 2720 δικαστήριον
993 2643 1043 2706 οὐκ
1067 2641 1189 2717 ἠθέλησε
1210 2642 1376 2722 πιννιιδοῦνιιι
1474 2716 1475 2723 ¹

288 2751 354 2822 τοὺς
377 2738 498 2834 adurae,
522 2773 600 2835 quae
623 2750 742 2815 collatis
766 2752 966 2836 sequentibus
990 2759 1117 2838 apparet
1140 2750 1299 2817 1010101110
1320 2772 1376 2814 0000
1474 2742 1475 2821 J

288 2860 327 2922 ad
358 2867 496 2945 tempora
527 2861 663 2945 proxime
694 2863 823 2946 triginta
851 2863 987 2925 virorum
1010 2863 1176 2947 imperium
1199 2882 1374 2947 praegressa.
1474 2876 1475 2885 ¹

289 2968 368 3034 Nam
391 2970 495 3055 legum
518 2972 637 3036 tabulas
662 2972 788 3055 (κύρβεις
812 2973 875 3036 sive
898 2971 1025 3049 ἐξινιις,
1050 2973 1088 3038 de
1112 2973 1227 3057 quibus
1250 2972 1288 3035 01.
1307 2970 1376 3035 Hul-

287 3078 405 3157 leman,
429 3080 518 3145 Misc.
542 3080 623 3145 Phil.
645 3089 676 3145 et
699 3081 792 3145 Paed.
809 3081 881 3146 fasc.
900 3084 937 3160 2,
956 3082 1057 3146 Amst.
1078 3085 1162 3147 1850
1180 3107 1210 3167 p.
1230 3087 1289 3164 56,
1305 3084 1374 3168 sqq.)

287 3211 349 3252 non
381 3196 501 3272 poterat
531 3188 614 3253 domi
645 3212 718 3253 suae
748 3190 879 3255 retinere
902 3191 963 3254 nisi
988 3191 1111 3275 publice
1134 3193 1276 3257 creditae.
1322 3191 1374 3255 Sed

286 3320 376 3382 quam
401 3297 488 3362 valde
511 3321 618 3362 rursus
641 3322 705 3362 10111
728 3306 840 3383 augeat
863 3307 982 3378 orator,
1006 3300 1137 3386 quisque
1161 3301 1253 3367 videt.
1301 3301 1372 3382 Quis
1473 3378 1474 3381 Ἴ

286 3408 367 3471 enim
398 3406 561 3471 crediderit
589 3409 742 3473 civitatem
768 3410 807 3473 ad
830 3409 941 3475 incitas
964 3410 1119 3479 redactam
1143 3411 1238 3476 tuisse
1261 3411 1373 3476 defectu
1473 3384 1474 3425 ³

286 3517 404 3602 legum,
437 3522 512 3600 quas
543 3539 625 3581 unus
648 3519 724 3582 civis
747 3519 832 3583 domi
854 3521 1018 3597 retineret,
1043 3521 1131 3604 quasi
1155 3544 1226 3586 vero
1249 3521 1373 3607 populus

285 3649 347 3691 nou
372 3648 463 3691 ausus
486 3627 597 3690 fuisset
620 3629 826 3712 quantocius,
851 3630 944 3694 etiam
968 3653 1023 3715 per
1046 3631 1126 3708 vim,
1147 3630 1186 3695 ab
1202 3631 1372 3695 administro

285 3759 342 3800 suo
372 3745 507 3821 repetere
530 3735 628 3814 illud,
653 3737 736 3821 quod
761 3739 827 3802 sine
850 3737 1038 3822 reipublicae
1061 3739 1292 3823 perturbatione
1317 3760 1370 3802 am·
1472 3816 1473 3821 γ

285 3847 367 3931 plius
389 3854 493 3910 tenere
516 3868 580 3911 non
602 3847 728 3931 posset?

259 4019 262 4026 ,
329 3954 418 4035 Quae
449 3979 541 4021 causa
569 3958 697 4022 moverit
728 3966 951 4036 accusatorem,
983 3966 1019 4022 111
1049 3980 1132 4022 nunc
1163 3958 1287 4023 demum
1308 3962 1371 4042 post

285 4075 416 4149 quatuor
448 4088 543 4130 annos
578 4067 729 4131 actionem
762 4067 938 4131 institueret
969 4067 1119 4131 incertum
1151 4074 1206 4131 001.
1254 4066 1311 4131 Sed
1336 4064 1369 4127 de

283 4197 394 4258 genere
417 4175 545 4239 actionis
569 4177 685 4260 aliquid
710 4177 786 4241 mihi
810 4176 926 4241 efficere
949 4198 1038 4261 possa
1061 4175 1165 4240 videor
1185 4174 1369 4261 01171110

283 4284 308 4348 δ’
331 4281 389 4364 ripa
420 4284 552 4366 ἐπιχειρῇ
582 4285 695 4363 λέγειν,
719 4283 812 4368 ἅπερ
835 4289 869 4352 ἐν
892 4296 933 4369 τῇ
957 4286 1092 4368 βουλῇ,
1115 4289 1151 4358 ὥς
1174 4289 1232 4363 ἐγὼ
1253 4291 1307 4351 τῶν
1327 4307 1368 4348 τε·
1471 4336 1472 4341 ,

282 4392 437 4471 vacuatas
460 4392 617 4472 ἐγενόμην,
637 4420 664 4459 κ.
688 4421 717 4463 τ.
744 4399 767 4461 ἐ.
815 4396 861 4460 Ex
885 4397 934 4461 his
959 4398 1038 4461 enim
1064 4404 1189 4482 apparet
1212 4417 1273 4458 10111
1289 4393 1366 4478 prius

1467 5046 1470 5195 1
