2958 5238
625 453 686 514 131

119 654 201 719 nerlu
226 656 278 732 μὲν
299 651 361 733 οὖν,
386 653 488 737 inquit
511 661 633 728 orator,
658 652 865 728 ἀπολογεῖσθαι
889 652 956 732 πρὸς
979 651 1083 717 οποίνιν
1106 654 1196 731 cipro-

118 765 186 845 ρίον,
209 762 225 839 ἣ
250 772 296 830 νῦν
319 767 396 830 ἐστιν
419 767 449 828 ἕν
472 776 509 846 τῇ
532 765 631 844 πόλει,
655 765 704 829 καὶ
728 769 779 828 ποῦ
799 765 909 841 ἀγῶνος
930 764 998 843 πρὸς
1018 763 1051 826 πὸ
1065 763 1197 839 δνμίσιον

117 873 199 946 ὄντος.
245 876 345 960 Igitur
375 876 440 940 fieri
468 883 585 961 potest,
610 873 1198 960 1111111100,01111110,,1111110010”

118 992 192 1048 esset
222 988 370 1050 aerarium
402 1009 455 1071 per
483 986 597 1051 iudicia
626 986 829 1071 locupletare,
866 984 985 1049 facilius
1021 991 1198 1070 argumenta

117 1117 231 1161 reorum
262 1097 417 1181 vulgaria·
431 1098 619 1181 perceperint
651 1119 741 1180 quam
765 1118 837 1173 nos,
862 1095 974 1180 quihus
997 1096 1079 1160 furta
1102 1104 1132 1159 et
1154 1119 1199 1159 ra·

118 1206 201 1290 pinae
232 1206 290 1271 sub
320 1206 419 1291 specie
445 1208 519 1271 iuris
543 1208 703 1272 commissa
726 1229 786 1270 usu
808 1214 881 1269 nota
904 1228 966 1270 nou
990 1207 1052 1270 sint
1059 1233 1068 1283 3
1093 1229 1199 1271 vernn-

117 1324 213 1381 tamen
237 1324 418 1402 argumenta
440 1339 502 1382 11011
527 1324 590 1381 tam
612 1317 761 1381 brevitate
784 1316 914 1381 obscura
937 1326 1010 1381 sunt
1028 1317 1197 1401 (01001110-

118 1429 208 1506 vitas,
225 1430 251 1493 si
268 1428 307 1492 ad
325 1451 438 1514 gnaros
455 1428 547 1493 verba
562 1429 658 1506 finnt,
676 1428 767 1495 debet
781 1428 960 1513 condonari)
976 1451 1067 1513 quam
1082 1429 1199 1512 magnis

119 1540 294 1624 ambagibus
316 1540 460 1626 perplexa
465 1565 475 1617 3
492 1539 696 1623 undecunque
712 1549 890 1624 argumenta
905 1541 1053 1625 arripiens
1070 1539 1199 1605 subinde

119 1651 193 1715 nihil
218 1651 330 1736 probat
352 1659 462 1736 orator.
509 1651 611 1717 Etiam
640 1674 700 1736 quo
725 1653 852 1718 consilio
875 1652 997 1737 singula
1019 1652 1198 1728 afferantur,

119 1785 178 1826 non
202 1763 282 1827 clare
306 1763 450 1828 docemur
474 1764 524 1847 (de
548 1787 609 1850 qno
632 1765 762 1828 11111001.
779 1787 869 1849 snpra
885 1788 914 1849 p.
936 1767 1018 1849 119).
1043 1763 1084 1829 Et
1099 1772 1200 1826 tamen

118 1874 243 1954 indicia,
267 1875 349 1940 unde
371 1877 547 1940 recentioris
570 1876 700 1940 rhetoris
724 1877 902 1941 declamatio
923 1884 1119 1962 agnoscatur,
1136 1895 1198 1937 non

119 1985 323 2051 inveniuntur.
370 1986 430 2051 Res
459 1994 641 2052 memoratae
671 2010 741 2052 cnm
771 1977 990 2053 historicorum*
1015 1984 1198 2050 testimoniis

120 2099 322 2177 conveniunt3
346 2099 521 2184 similesque
543 2100 633 2163 naevi
657 2098 730 2163 alibi
753 2121 875 2184 quoque
899 2098 980 2184 apud
1000 2097 1122 2182 Lysiam
1137 2118 1199 2160 non

120 2207 238 2275 desunt.
286 2209 395 2295 Itaque
418 2233 478 2274 non
503 2209 629 2286 dubito,
655 2192 730 2295 quiri
752 2209 861 2295 Lysiae
878 2211 918 2273 sit
938 2210 1052 2286 oratio,
1070 2208 1123 2272 sed
1138 2229 1198 2271 non

120 2326 163 2383 est
187 2319 304 2405 optima
326 2342 363 2384 ex
384 2319 530 2411 Lysiacis.

162 2428 319 2493 Sectiones
351 2433 436 2493 2-5
468 2430 507 2494 ad
534 2429 659 2494 verbum
683 2453 777 2514 paene
800 2431 985 2507 conveniunt
1007 2453 1074 2494 eum
1100 2429 1202 2493 Ando-

122 2541 195 2607 cidis
224 2541 362 2607 oratione
390 2539 428 2603 de
450 2540 605 2625 Mysteriis
627 2542 644 2624 1
670 2543 764 2606 1-7.
810 2539 928 2604 Locum
952 2564 1141 2631 communem
1165 2563 1201 2604 ex

120 2651 208 2732 τέχνα
230 2650 365 2736 quadam
387 2650 580 2736 depromtum
602 2650 693 2715 multi
716 2652 895 2736 interpretes
919 2660 1042 2738 putant3
1068 2653 1202 2716 11111111-

120 2761 261 2827 docidem
285 2763 422 2848 exemplo
445 2764 537 2827 luisse
552 2763 686 2848 *Lysiae5
710 2764 761 2827 alii
783 2764 934 2828 rhetorem
958 2765 1126 2848 quendam,
1149 2764 1202 2849 qui

121 2872 291 2937 Andocidis
313 2896 423 2938 nomen
448 2897 519 2961 prae
539 2898 570 2938 se
589 2876 680 2952 ferat,
703 2896 738 2938 ex
757 2873 848 2959 Lysia
867 2875 1012 2939 hausisse.
1049 2875 1108 2940 Res
1128 2876 1201 2939 satis

120 2982 238 3049 lubrica
253 2990 308 3048 est.
338 2983 456 3070 Operae
471 2987 603 3070 pretium
619 2986 711 3049 luerit
725 2994 890 3071 utrumqne
905 2986 1006 3051 locum
1023 2986 1201 3052 describere.

342 3094 459 3181 Lysias.
850 3096 1032 3161 Andocides.

123 3206 213 3280 11111
237 3206 291 3282 μὲν
320 3203 366 3271 οὖν
384 3211 569 3288 παρασκευὴν
590 3211 637 3273 καί
686 3211 714 3271 1.
727 3211 788 3282 Τὴν
818 3209 871 3287 μὲν
900 3210 1085 3287 παρασκευὴν
1113 3206 1202 3273 dclv·

164 3317 322 3394 προθυμίαν
346 3324 402 3382 τῶν
418 3320 524 3400 ἐχθρῶν
536 3321 638 3399 ὁροῖπε,
730 3320 789 3401 lpse
816 3319 865 3384 ccl
889 3321 941 3395 τὴν
968 3321 1125 3400 προθυμίαν
1147 3326 1203 3384 τῶν

163 3428 212 3492 καὶ
252 3427 328 3492 οὐδὲν
367 3430 412 3492 δεῖ
436 3430 500 3510 περὶ
532 3432 639 3495 τούτων
728 3433 835 3512 ἐχθρῶν
863 3438 918 3495 πῶν
944 3432 1036 3508 ἐμῶν,
1060 3428 1126 3495 ὥστ’
1150 3431 1203 3505 ἐμὲ

164 3539 279 3616 λέγειν·
302 3541 354 3613 τὴν
373 3540 397 3603 δ’
412 3541 483 3615 ἐμὴν
503 3543 635 3618 οξπειρίαν
725 3550 820 3615 κακῶς
852 3549 938 3607 ποιεῖν
958 3543 991 3606 ἐκ
1012 3542 1122 3613 παντὸς
1143 3542 1204 3621 πρό·

167 3648 276 3720 πάντες
303 3649 412 3728 ίσαοιν,
440 3649 496 3717 ὅσοι
525 3654 577 3731 ἐμὲ
597 3677 642 3729 γι·
730 3678 784 3718 που
811 3653 861 3718 καὶ
890 3653 1003 3724 δικαίως
1026 3652 1076 3716 καὶ
1100 3652 1203 3724 ἀδίκως

165 3759 347 3834 andusenco.
728 3763 761 3839 ἐξ
785 3766 882 3845 ἀρχῆς
906 3762 1002 3837 ἐπειδὴ
1024 3763 1149 3843 τάχιστ’
1172 3765 1205 3828 οὶ·

721 3876 855 3958 φικόμνρν
879 3878 919 3947 είς
948 3876 1000 3950 τὴν
1026 3875 1109 3940 πόλιν
1135 3899 1205 3939 παν-

729 3990 793 4062 πνρνί
801 4039 810 4071 ,
836 3987 939 4068 σχεδόν
962 4013 990 4052 πι
1014 3985 1121 4056 ποίνπες
1145 3987 1206 4051 ἐπί-

729 4100 852 4174 στασθε,
890 4097 938 4162 καὶ
967 4096 1043 4162 οὐδὲν
1069 4097 1115 4160 δεῖ
1141 4095 1204 4177 περὶ

729 4211 835 4274 πούπυν
859 4209 984 4279 πολλοὺς
1016 4207 1122 4285 λόγους
1143 4230 1202 4271 ποι·
1273 4226 1275 4239 ·

173 4316 331 4391 αἰτήσομαι
364 4315 411 4382 οὖν
435 4321 514 4398 ὑμᾶς
545 4319 642 4384 δίκαια
731 4321 837 4385 cloden·
863 4316 1003 4395 11111
1026 4317 1123 4398 ἄνδρες
1145 4317 1205 4389 herl·

174 4426 223 4489 acl
247 4426 329 4509 p‘qllra
355 4429 550 4511 χαρίσασθαι,
575 4430 643 4496 ἄνευ
733 4454 822 4509 οομνιι
847 4431 923 4506 ὑμῶν
949 4428 1048 4494 δίκαιοι
1069 4429 1118 4493 καὶ
1140 4431 1207 4507 ὑμῖν

1052 4542 1090 4599 9ὒ
