2994 5234
807 466 870 528 leo

288 665 468 740 λεντηκύτοον
487 660 539 741 οὗ,
560 664 695 740 κειμένων
717 663 742 727 δ’
762 666 792 727 ἐν
810 673 869 745 νη,
894 663 985 728 τύλνν
1008 667 1069 730 ἐκεῖ
1090 664 1316 742 ξονιστοομένους
1337 661 1381 724 aet

289 773 556 851 οὶνονβοονσκοοοένονς
579 769 698 836 insciae
720 782 758 852 τῇ
777 783 867 855 τροπῇ
886 810 932 822 -
951 775 990 845 εἷς
1010 775 1155 838 τύνονντύοο
1173 783 1225 848 τῆς
1242 770 1382 849 γενέσεως

290 884 369 949 nihil
392 905 517 968 prorsus
541 882 691 968 probant,
716 881 801 966 quod
824 882 856 947 in
880 883 983 966 priore
1006 883 1117 955 τούτοις
1134 882 1249 967 pendet
1266 881 1306 945 ab
1321 882 1385 958 ἕφε·

289 994 357 1071 ξῆς,
374 995 408 1059 in
424 994 519 1059 altero
535 993 687 1057 sententia
700 993 843 1076 requirit,
858 993 922 1059 ἓτύ
927 994 1013 1070 arad
1019 1019 1032 1060 ν
1049 997 1127 1071 ἐστι,
1141 1013 1323 1076 marcanesca
1335 995 1382 1054 cat.

335 1106 352 1188 t
375 1106 393 1167 9
419 1102 476 1167 sub
499 1102 550 1166 fin.
587 1101 727 1175 Defende
751 1101 899 1166 librorum
919 1102 1083 1168 lectionem
1098 1109 1221 1168 τοιοῦτον
1236 1099 1313 1168 rivas
1328 1100 1383 1166 cai

291 1214 342 1277 ἔτι
367 1212 564 1292 πονηρότερον,
592 1234 647 1296 pro
671 1233 733 1296 qua
755 1211 808 1275 olii
831 1214 879 1276 κού
903 1212 965 1276 ἔστι
988 1236 1034 1294 τι,
1062 1212 1116 1276 alii
1138 1211 1189 1276 κού
1212 1211 1244 1276 τί
1268 1210 1312 1274 ἔτι
1336 1214 1386 1271 aut

290 1323 340 1386 κού
364 1322 403 1386 τί.
449 1321 609 1386 Sententia
632 1328 693 1385 est:
718 1320 887 1399 „miserum
911 1320 1005 1385 talem
1028 1320 1117 1384 illum
1141 1341 1207 1384 asae
1231 1326 1289 1385 cut
1310 1319 1387 1404 poio

291 1454 355 1497 ram
379 1431 502 1495 etiam.”
537 1429 584 1494 Of.
609 1430 709 1507 ὀλίγον
733 1431 806 1502 τινος
822 1429 895 1506 οὶξίον
912 1429 975 1495 ἐστὶ
991 1429 1041 1495 κού
1054 1429 1185 1505 ούδενύς,
1201 1429 1285 1493 Plat.
1298 1428 1385 1513 Apol.

294 1542 408 1604 21111.
455 1541 556 1618 Μνκρύο
579 1546 629 1603 κού
653 1539 747 1616 οὐδέν,
772 1539 861 1604 Dem.
889 1542 940 1603 18.
969 1542 1041 1604 104.
1090 1539 1150 1605 Δύο
1173 1538 1223 1603 aa}
1246 1539 1316 1617 τρίοο
1335 1537 1388 1614 aa·

291 1673 395 1727 μοοτον,
420 1649 500 1712 Xan.
526 1649 586 1712 Au.
607 1646 663 1712 IV.
691 1650 719 1713 7.
749 1650 798 1712 10.
845 1648 903 1713 Κσοὶ
930 1687 976 1697 -
994 1649 1046 1713 κού
1061 1648 1248 1713 disiunctiva
1266 1668 1324 1731 pro
1341 1651 1388 1708 oct

293 1766 451 1843 ponuntur
474 1757 546 1841 Lys.
569 1758 621 1821 27.
648 1759 685 1819 3:
720 1759 830 1822 ἑσύτονν
853 1759 882 1822 ἓν
905 1759 1056 1837 χρύμοοσνν
1079 1756 1096 1839 ᾖ
1119 1758 1170 1822 κού
1193 1758 1318 1830 σωύῆνοον
1340 1755 1387 1826 τὴν

294 1868 377 1934 πόλιν
407 1868 456 1932 κού
485 1870 539 1945 μη.
590 1870 641 1931 12.
667 1869 726 1930 26:
759 1867 809 1933 ἑτύ
838 1892 880 1934 σον
903 1868 980 1949 μόνῳ
1002 1867 1117 1946 ἐγένετο
1139 1868 1191 1935 κον)
1215 1873 1310 1931 σῶσον
1335 1874 1387 1928 Ha

291 1979 442 2058 λέμοορχον
472 1976 521 2040 κού
549 1979 602 2053 μή.
649 1975 728 2040 Xon.
763 1976 846 2043 Hell.
874 1977 901 2040 I.
928 1979 956 2042 7.
983 1981 1041 2041 23:
1074 1976 1304 2058 δνοψηφύζεσύονν
1336 1972 1383 2037 aar

295 2089 323 2152 τ’
347 2087 455 2152 ἀδικεῖν
478 2087 609 2162 δοκῶσιν,
635 2085 687 2150 ἐύν
709 2110 743 2150 τε
765 2087 818 2162 μή.
865 2084 938 2148 Non
962 2107 1034 2149 sane
1057 2086 1304 2153 demonstratum
1319 2086 1387 2146 “erat

295 2198 501 2262 adversarium
524 2202 615 2260 ctiam
636 2200 767 2280 ρονονσσο
789 2217 872 2273 esse,
898 2194 952 2259 sed
976 2202 1042 2258 tota
1065 2196 1140 2261 haee
1160 2192 1383 2281 argumentatio

296 2317 341 2373 est
365 2306 591 2372 coniecturalis.

341 2419 358 2501 ᾧ
384 2418 433 2480 ta.
481 2415 563 2479 Mihi
585 2414 718 2479 obiicere
741 2435 833 2479 amus
856 2420 903 2477 est
925 2414 997 2497 aqui
1020 2436 1125 2491 usum,
1150 2415 1232 2479 ούτε
1256 2416 1318 2488 την
1340 2410 1389 2475 τύ-

295 2550 365 2606 χην
392 2525 530 2603 δεύσας,
555 2523 610 2591 ούύ’
633 2525 712 2601 ὑμᾶς
736 2522 911 2602 ούσχννύεύς.
946 2522 994 2586 Eu
1018 2522 1143 2589 adiectis
1167 2523 1279 2589 efficias
1302 2519 1385 2585 facile

297 2637 393 2714 τύχην
417 2633 505 2697 deam
528 2633 701 2716 significari.
738 2632 788 2696 Sic
810 2632 901 2712 Τύχη
925 2632 983 2695 hoc
1006 2633 1074 2699 loeo
1095 2641 1174 2697 esset
1190 2634 1247 2698 dea
1262 2631 1386 2703 vindex,

298 2765 377 2829 quae
409 2744 435 2806 si
467 2743 537 2827 quis
561 2763 632 2825 erga
654 2741 791 2819 infelices
814 2742 856 2808 eit
878 2741 1109 2820 immisericors,
1133 2765 1246 2827 poenas
1271 2743 1385 2825 exigat,

298 2854 388 2938 quasi
418 2850 558 2916 Nemesis
591 2850 758 2934 quaedam,
787 2873 864 2934 quae
893 2851 1061 2919 insolenter
1090 2853 1208 2923 miseris
1238 2852 1385 2917 insultan-

298 2972 345 3029 tes
375 2964 409 3026 in
440 2961 643 3027 calamitatem
675 2960 830 3025 detrudat.
876 2960 933 3025 Est
967 2983 1040 3025 eane
1074 2961 1233 3026 insolitum
1269 2968 1306 3027 ut
1335 2960 1386 3023 hoo

299 3072 420 3159 Tychae
444 3072 651 3150 adscribatur,
675 3071 762 3135 ouius
786 3072 843 3135 etsi
866 3072 912 3135 via
935 3072 1068 3136 maxima
1091 3080 1154 3150 est,
1178 3079 1282 3138 tamen
1306 3068 1386 3135 certis

299 3183 420 3268 legibus
447 3204 509 3246 non
533 3181 755 3265 adstringitur,
780 3202 874 3264 quare
898 3180 937 3247 ad
960 3182 1068 3261 Τύχην
1091 3203 1153 3245 non
1177 3182 1266 3246 facile
1290 3198 1388 3268 provo·

301 3299 405 3368 eatur,
439 3297 474 3354 ut
506 3293 575 3374 quis
600 3290 636 3354 ab
661 3290 825 3357 insolentia
848 3296 1018 3354 revocetur.
1066 3290 1140 3355 Fuit
1163 3292 1276 3375 igitur,
1302 3307 1386 3374 quum

301 3402 467 3487 legendum
491 3410 631 3486 putarem
654 3401 718 3465 ούτε
741 3403 793 3473 την
816 3401 913 3480 τύχην
937 3403 1079 3479 taetrae,
1101 3425 1224 3488 „neque
1240 3424 1321 3469 meac
1335 3418 1388 3462 sor·

301 3512 365 3588 „tis
389 3511 551 3575 misertus''
575 3514 755 3594 (ΔΕΙΟΑΟ,
781 3512 981 3595 ε’ΛΕΗΟΑΟ).
1028 3511 1087 3575 Sed
1111 3513 1182 3576 ferri
1206 3518 1308 3597 potest
1331 3505 1386 3571 ml·

303 3628 374 3706 gata
397 3621 423 3684 ai
446 3622 542 3700 τύχην
565 3622 765 3704 interpretare
788 3642 890 3683 rerum
914 3620 1118 3685 humanarum
1142 3621 1384 3687 vicissitudinem.

302 3731 401 3799 Locos
433 3730 471 3793 de
497 3730 600 3815 Tycha
624 3730 815 3814 collegerunt
837 3729 989 3813 Limburg
1012 3730 1173 3808 Brouuer,
1199 3731 1281 3795 Hist.
1305 3731 1341 3793 de
1360 3725 1384 3788 la

304 3841 412 3905 civilis.
437 3839 511 3902 VII.
537 3861 566 3922 p.
593 3841 722 3903 69-71
748 3845 779 3902 et
807 3838 1019 3923 Naegelsbach
1041 3842 1075 3904 in
1099 3840 1195 3905 libro:
1221 3842 1280 3907 Die
1295 3834 1385 3904 Nach-

303 3951 493 4015 homerisehe
515 3949 693 4033 Theologie.

349 4062 366 4145 ᾧ
392 4063 441 4123 10.
490 4059 625 4124 Cobetus
658 4082 729 4123 oum
759 4059 827 4123 aliis
850 4059 937 4124 dedit
959 4062 1017 4138 ἐγὼ
1040 4060 1117 4145 adp,
1142 4058 1162 4126 ὦ
1185 4062 1297 4138 βουλή,
1320 4053 1384 4121 τύν-

304 4194 360 4241 raa
382 4165 486 4246 οἷμον
506 4171 573 4240 τοὺς
593 4169 717 4249 ἔχοντύς
738 4193 766 4232 τι
786 4168 963 4249 δοςτύχημοο
979 4177 1103 4236 τοιοῦτον
1122 4172 1300 4252 ῥᾳστώνην
1313 4160 1383 4232 crud

305 4281 400 4361 ζητεῖν
429 4279 478 4344 κού
510 4284 593 4344 τούτο
625 4285 798 4361 φιλοσοφεῖν
828 4276 903 4352 ὅπως
935 4315 995 4362 ——,
1021 4280 1074 4344 sed
1097 4278 1177 4358 οἷμον
1201 4288 1232 4345 et
1254 4274 1383 4361 aaudiat

304 4389 370 4457 τννύ
394 4391 505 4455 desunt
528 4391 560 4454 in
584 4389 725 4454 Palatino
747 4397 776 4452 et
792 4389 896 4455 deberi
914 4399 989 4476 puto
1006 4392 1169 4461 correctori
1183 4380 1379 4457 Laurentium·
1402 4425 1405 4428 -
