2994 5234
737 380 802 440 216

225 602 314 664 quam
332 578 490 655 λεγόντων,
508 576 604 639 veluti
620 574 829 656 λοιδορούντων,
847 575 1084 653 διαβαλλόντων,
1104 574 1319 653 ουκοφοιντούν-

224 715 298 763 των,
324 696 378 751 aut
401 688 456 751 ὑτὸ
475 692 530 750 τῶν
553 687 593 750 τόο
616 690 740 749 τοιοῦτοι
764 685 919 762 λεγόντων.
967 686 1026 750 Sed
1050 690 1229 768 corruptum
1253 706 1321 746 esse

225 799 345 874 locum,
370 819 425 861 nec
448 798 553 881 inepto
575 796 691 858 rhetori
715 795 789 887 haec
813 794 933 871 deberi,
964 804 1028 859 tam
1050 795 1140 858 lectio
1164 793 1319 868 Palatini,

227 931 319 992 quam
342 906 493 970 sententia
516 905 596 968 bona
618 911 649 968 ct
672 911 743 988 apta
767 904 803 967 iis
827 905 1031 988 temporibus,
1060 904 1172 988 quibus
1195 902 1320 966 nullum

226 1019 339 1082 crimen
363 1017 460 1099 magis
484 1023 596 1078 temere
619 1013 790 1077 iactabatur
806 1036 896 1098 quam
913 1014 1088 1078 communio
1103 1013 1224 1098 imperii
1241 1031 1320 1073 coco

225 1137 256 1191 et
279 1148 344 1191 xxx
367 1127 518 1201 virorum,
543 1122 683 1207 probant.
719 1122 758 1185 In
782 1124 929 1206 proximis
952 1124 1075 1188 mallem
1091 1123 1196 1188 abesse
1210 1124 1234 1185 ol
1248 1130 1319 1186 ante

225 1236 409 1315 διωβόλλειν.
456 1233 521 1318 Ipsi
545 1233 592 1296 illi
616 1232 796 1295 calumniari
821 1233 996 1297 studebant.

268 1349 285 1431 p
309 1349 338 1409 8.
385 1344 470 1408 δεινόν
500 1343 530 1406 δέ
560 1364 609 1417 μοι
639 1342 716 1405 δοκεῖ
742 1337 813 1406 εἶνοιι
846 1366 874 1407 κ.
902 1367 931 1406 τ.
955 1344 978 1407 ἑ.
1015 1342 1249 1426 Argumentatio
1272 1349 1321 1405 est

225 1454 501 1535 „coniecturalis,’'
532 1474 631 1536 neque
662 1459 763 1516 tamen
795 1459 956 1537 propterea
983 1451 1075 1537 Lysia
1099 1452 1237 1536 indigna.
1269 1451 1317 1514 Cf.

227 1570 280 1630 24.
305 1569 335 1628 9.

270 1678 340 1760 pt).
387 1673 429 1738 ἔτι
461 1674 486 1737 δ’
510 1670 591 1749 οἷριοιι
622 1672 791 1750 όοινριοιοτδν
819 1672 932 1754 νομίζω.
978 1672 1170 1735 Postremum
1190 1672 1321 1735 vocabu-

226 1787 292 1848 lum
315 1783 489 1847 delendum.
536 1784 596 1853 Ὡς
619 1782 746 1846 οὶδικοῦοι
769 1790 850 1845 reete
874 1781 1067 1845 emendatum
1091 1781 1274 1864 aKaysero.

271 1896 288 1978 p
314 1896 364 1955 10.
411 1893 463 1965 τδν
492 1889 601 1966 βουλὴν
631 1890 777 1969 ἐλοιδόρει,
802 1889 926 1971 Φόοκων
948 1889 1131 1955 συνεστάναι.
1179 1888 1229 1953 Ne
1251 1891 1322 1973 quis

227 2002 379 2067 desideret
402 2000 646 2064 additamentum
671 1999 796 2082 aliquod
820 2000 917 2064 veluti
940 2001 988 2065 ότι)
1011 2000 1111 2080 όλόόριρ
1134 2009 1187 2074 τῆς
1208 2001 1321 2072 πόλεως

227 2124 280 2177 aut
307 2112 392 2189 sim,
429 2112 466 2175 cf.
499 2111 588 2174 Dem.
617 2110 649 2172 in
673 2109 800 2194 Aristog
822 2109 840 2172 I
863 2111 930 2194 (25)
954 2113 1013 2174 64:
1038 2112 1096 2187 ἐγὼ
1117 2114 1202 2188 μόνος
1225 2109 1322 2181 εὔνοος

227 2224 311 2301 ὑμῖν·
333 2221 443 2291 πάντες
462 2218 538 2284 οὗτοι
557 2223 729 2297 οννεοτῖιοι,
750 2219 922 2299 προδέδοσθε.
959 2220 1053 2283 Arist.
1070 2219 1150 2304 Equ.
1169 2221 1252 2281 862:
1268 2219 1323 2282 κοοό

226 2333 259 2407 μ’
274 2332 306 2394 οὐ
321 2329 439 2404 λέληόεν
454 2328 531 2392 οὐδὲν
546 2330 575 2393 ἐν
590 2338 627 2409 τῇ
644 2327 728 2392 πόλει
743 2326 951 2404 ξυνιστάμενον
967 2328 1089 2411 (‚,nulla
1105 2329 1321 2414 coniuratio”).

270 2442 287 2523 p
313 2441 362 2502 13.
409 2436 481 2508 εἰκός
503 2437 608 2518 τοίνυν,
632 2433 653 2500 ὦ
676 2436 773 2516 ἄνδρες
797 2437 951 2513 δικωττοιό,
975 2439 1154 2515 ε’νόοριιῖοόοιι
1176 2436 1228 2502 nat
1251 2439 1322 2503 ὀτό-

226 2571 268 2612 σοι
300 2549 378 2625 ὑμῶν
408 2545 542 2626 ἐνόμιζον.
589 2545 637 2610 De
668 2546 859 2630 Cleophonte
888 2546 926 2609 of.
960 2548 1010 2610 13.
1037 2549 1074 2624 8,
1100 2550 1137 2625 9,
1164 2550 1214 2611 12.
1262 2549 1324 2612 Kal

227 2657 331 2722 abesse
354 2655 462 2731 debet;
487 2653 525 2717 ad
549 2677 601 2718 eos
624 2662 745 2718 tantum
769 2655 937 2718 admonitio
962 2655 1113 2739 pertinet,
1133 2657 1188 2739 qui
1204 2656 1322 2721 malum

156 2807 168 2815 -
227 2767 323 2830 civem
346 2764 570 2848 cleophontem
593 2763 763 2847 putabant,
787 2785 850 2826 non
874 2763 911 2826 ad
936 2762 1080 2847 reliquos.
1124 2765 1322 2830 Demonstra-

227 2876 325 2938 tivum
348 2873 496 2936 omissum
520 2880 555 2935 ut
579 2874 632 2935 22.
657 2873 716 2948 21,
742 2873 794 2934 23.
819 2874 849 2934 4.

271 2985 288 3067 p
315 2985 364 3045 15.
411 2982 471 3044 Κοιό
493 2988 563 3045 ante
586 2989 639 3054 τῆς
662 2982 774 3053 advolas
797 2980 971 3045 delendum.

271 3094 288 3176 p
314 3095 364 3156 16.
409 3089 542 3153 Defendi
573 3096 676 3174 potest
706 3089 748 3155 ἔτι
772 3090 802 3153 δὲ
823 3091 875 3154 κοιό
898 3090 930 3153 in
953 3092 1014 3155 fine
1037 3091 1131 3155 huius
1154 3093 1319 3172 sectionis;

226 3224 297 3265 nam
327 3201 360 3263 in
389 3199 524 3283 proxime
547 3198 731 3282 praegressis
758 3198 797 3262 de
821 3197 936 3263 aliare
959 3222 1059 3263 sermo
1083 3208 1146 3278 est,
1171 3224 1264 3284 quam
1287 3205 1323 3267 in

228 3311 285 3373 bis.
332 3309 390 3372 Per
421 3307 512 3372 verba
540 3305 576 3373 ὧν
606 3310 659 3384 aa
689 3305 767 3372 ι’όιιων
798 3308 889 3373 raca
911 3310 1072 3394 respicitur
1097 3311 1135 3374 ad
1159 3312 1321 3390 exsilium,

228 3418 311 3502 quod
334 3440 396 3481 non
420 3425 528 3502 sponte
553 3438 609 3480 sua
631 3424 824 3501 susceperat,
849 3417 887 3481 de
911 3441 972 3501 quo
990 3419 1023 3482 in
1038 3421 1184 3504 proximis
1200 3420 1322 3486 dictum

228 3550 289 3591 non
322 3534 396 3590 erat.
442 3526 535 3590 Recte
566 3526 663 3610 igitur
693 3548 725 3589 se
757 3527 848 3591 habet
876 3527 919 3591 ἔτι
948 3527 977 3591 δὲ
999 3528 1068 3603 sal,
1093 3536 1121 3593 et
1141 3537 1320 3614 praetereo,

227 3659 283 3701 neo
307 3659 384 3720 opus
407 3643 444 3700 ut
467 3636 619 3699 scribatur
641 3637 754 3711 κοιότοι,
779 3635 862 3718 quod
886 3636 1033 3701 sollemne
1053 3639 1147 3702 estin
1164 3638 1322 3723 enthyme-

227 3752 309 3808 mate
332 3767 368 3808 cx
392 3746 538 3828 proximis
561 3745 664 3809 ducto.
708 3744 798 3809 Ratio
822 3746 1057 3830 argumentandi
1079 3753 1198 3810 oratore
1213 3749 1321 3813 Attico

228 3853 322 3937 digna
345 3860 401 3915 est.
449 3852 496 3916 Of.
522 3857 575 3916 al.
601 3856 643 3916 24
667 3853 725 3916 snb
749 3853 770 3917 f.

271 3963 288 4045 t
315 3964 363 4025 u.
410 3960 483 4025 Non
506 3963 666 4046 perspicua
689 3970 763 4027 sunt
785 3962 877 4026 verba
899 3965 924 4028 εἰ
946 3962 1047 4041 νόμους
1070 3965 1162 4040 ἐτόόην
1181 3966 1243 4046 rapt
1264 3975 1320 4040 τῆς

227 4072 416 4152 οὶνοινροιφῆς.
465 4072 532 4134 Ηοο
554 4071 637 4149 vult,
662 4073 787 4156 opinor:
812 4073 925 4136 iniuria
947 4074 1023 4137 mihi
1046 4075 1152 4140 obiicit
1174 4074 1320 4140 Nicoma-

227 4178 320 4255 chus,
353 4179 437 4262 quod
468 4180 587 4244 cultum
614 4180 739 4245 deorum
764 4182 927 4260 imminu03
952 4185 978 4246 si
1001 4183 1039 4247 de
1061 4185 1262 4249 rescribendis
1288 4194 1323 4250 et

227 4287 384 4350 mutandis
399 4288 518 4374 legibus
535 4290 627 4353 sacris
643 4291 765 4369 ferrem,
784 4313 853 4356 vera
868 4291 998 4370 diceret,
1016 4293 1059 4357 ita
1071 4295 1104 4358 in
1114 4292 1322 4379 religionibus
