3002 5240
664 468 705 530 69

140 662 300 743 ἀγγέλλω,
332 665 547 752 depravatione
578 690 639 732 non
671 665 802 731 absimili
832 689 849 730 a
878 673 984 731 nostro
1007 665 1084 731 loco.
1134 666 1228 753 Apud

140 775 376 864 Xenophontem
402 801 496 864 quum
520 779 671 844 sententia
693 801 756 843 nou
778 779 856 842 ferat
879 776 1071 859 νικριινόμως,
1095 786 1226 863 utroque

140 894 245 953 autem
267 890 334 953 loco
357 889 529 955 litterarum
553 890 664 955 duetus
687 912 750 954 non
772 890 855 971 νικρόι
877 889 963 967 λόγων
979 889 1031 954 sed
1049 889 1226 953 adverbium

139 1007 328 1080 monstrent,
359 1001 488 1065 fortasse
517 1002 575 1067 hoe
602 1001 795 1084 πκρκκόνως,
819 1008 942 1083 unare,
968 993 1083 1066 ι’κόιιικω
1107 1000 1164 1064 orit
1187 1001 1228 1064 fe·

137 1111 283 1190 rendum,
307 1119 343 1176 ut
366 1113 399 1177 in
417 1112 558 1199 Epistola
582 1113 734 1199 Philippi,
751 1135 828 1198 quae
844 1113 940 1176 fertur
954 1112 1034 1176 inter
1048 1111 1228 1176 Demosthe·

138 1223 208 1287 nica
237 1226 288 1287 12.
315 1226 373 1302 18,
399 1231 429 1288 et
453 1225 534 1310 apud
557 1225 749 1290 recentiores.

180 1337 197 1421 q
224 1338 275 1399 ll.
322 1336 504 1413 συνέγνωσαν
526 1337 555 1402 δὲ
578 1337 627 1401 aa}
651 1335 731 1402 ωὑτοὶ
752 1334 853 1418 σφίσιν
872 1338 908 1407 ὡς
928 1334 1091 1412 ἠδικηκότες
1108 1335 1227 1418 (nempe

137 1443 285 1511 Gtesicles
312 1470 382 1512 oum
412 1449 487 1534 suis)
509 1487 554 1498 -
576 1450 600 1513 si
623 1449 648 1512 δ’
669 1445 714 1514 οὖν
738 1447 900 1530 ἕζνμόωσνιν
923 1447 977 1525 μὲν
998 1442 1058 1512 οἵδε
1080 1444 1225 1526 κροςκκόν-
1310 1516 1311 1519 ¹

136 1583 207 1632 τως,
236 1559 380 1639 ἐκύρωσαν
405 1559 430 1624 δ’
458 1561 487 1624 ἕν
515 1562 582 1637 ὑμῖν
603 1562 655 1635 τὴν
679 1559 833 1637 ἐπιβολήν,
859 1564 915 1624 τῶν
937 1562 1050 1636 rapiti
1073 1557 1224 1640 ἀφέντων,

137 1669 251 1743 εἰκότως
276 1669 312 1736 tu
334 1677 384 1736 τοῦ
407 1650 596 1750 imitabere
623 1669 912 1749 όνικλλιιγμένος
935 1669 1028 1746 εἵην·
1052 1671 1075 1735 εἰ
1098 1670 1151 1748 μὲν
1166 1670 1226 1748 wip

137 1781 218 1863 κύριοι
249 1779 324 1859 ἧσιιν
347 1781 513 1863 πρόξκσόκι
538 1783 554 1859 ἢ
577 1786 716 1865 deprivant,
740 1781 809 1849 οὐδ’
832 1784 952 1860 ἐννόμως
975 1781 1122 1862 ζημιωθεὶς
1145 1782 1227 1847 εὐλό-

137 1917 196 1970 γως
226 1893 265 1959 aa
294 1895 432 1977 ὤφειλον·
460 1895 484 1958 εἰ
514 1893 538 1958 δ’
564 1892 658 1969 ἔξεστι
691 1895 744 1972 μὲν
776 1894 874 1965 αὐτοῖς
904 1894 1042 1974 ιὶΦεῖνιιι,
1066 1891 1172 1958 tratas
1196 1893 1226 1958 δὲ

136 2007 267 2083 λόγους
289 2006 358 2087 ὑπὲρ
381 2002 418 2070 ὧν
440 2006 476 2071 alr
498 2005 719 2088 διαχειρίζωσιν,
737 2003 764 2069 si
780 2029 807 2070 τι
827 2005 993 2087 albininaci,
1010 2013 1063 2079 τῆς
1075 2005 1224 2085 aperueri-

138 2141 186 2192 σης
209 2117 412 2200 ῥᾳδίως·δι’κνς
434 2116 593 2194 redieruut.
640 2117 679 2181 In
702 2117 750 2180 his
773 2123 854 2181 recte
878 2139 895 2179 a
918 2117 990 2180 viris
1014 2116 1112 2180 doctis
1128 2140 1227 2181 emen·

137 2226 205 2291 data
236 2234 329 2293 sunt:
361 2228 594 2305 όιινλλιινμένις
624 2227 681 2303 εἴην
709 2250 764 2312 pro
794 2250 828 2292 -ιι
851 2223 921 2310 εἶεν,
946 2227 1002 2292 οὐδ’
1026 2226 1145 2306 ἐκνόμως
1170 2251 1224 2314 pro

138 2339 277 2417 ἐννόμως,
307 2340 413 2405 διδόιισι
436 2340 466 2403 δὲ
487 2340 591 2417 λόγους
615 2362 670 2425 pro
692 2340 716 2405 δ.
739 2341 767 2405 δὲ
791 2339 913 2417 κῦτνύς;
939 2346 968 2403 et
991 2338 1118 2404 fortasse
1142 2362 1224 2425 prae-

138 2456 216 2515 terea
249 2450 461 2536 δικχειρίσωσιν
492 2474 562 2514 cum
584 2450 682 2514 Balio
706 2449 930 2514 restituendum
952 2451 1038 2534 (quoe
1062 2454 1221 2516 identidem

138 2564 375 2645 constituerunt).
422 2560 481 2625 Sed
505 2568 656 2646 postrema
678 2562 702 2626 εἰ
725 2560 750 2624 δ’
769 2559 864 2637 ἔξεστι
882 2585 910 2627 κ.
931 2586 959 2627 τ.
980 2562 1003 2627 ἓ.
1025 2561 1164 2626 nondum
1180 2585 1223 2626 sa

134 2678 204 2736 nata
218 2680 304 2736 sunt.
334 2671 412 2736 'Pota
425 2672 619 2736 ratiocinatio
634 2670 695 2735 huc
710 2671 804 2750 redit,
821 2678 857 2736 ut
874 2680 1018 2758 appareat
1032 2673 1221 2763 Polyaenum

137 2783 240 2869 urlpa,
280 2784 363 2871 quod
387 2807 449 2848 nou
479 2784 623 2860 solverit,
656 2782 786 2847 liberum
816 2805 899 2862 osse,
932 2783 1015 2868 quod
1046 2792 1231 2869 quaestores

138 2894 268 2981 (raaia)
298 2896 361 2959 sive
391 2896 457 2960 iure
486 2896 549 2959 sive
576 2895 689 2958 iniuria
712 2893 859 2959 mulctam
882 2895 910 2959 ei
933 2895 1121 2974 remiserint;
1146 2896 1221 2983 qnid

136 3004 179 3069 illi
201 3030 237 3071 ex
263 3006 330 3091 lege
352 3007 450 3071 facero
473 3006 630 3092 potuerint
652 3028 715 3070 non
738 3028 802 3069 esse
821 3005 919 3091 ipsius
938 3006 1064 3087 iudicii3
1085 3008 1220 3094 culpam,

136 3116 160 3178 si
181 3139 240 3201 qua
266 3117 322 3196 sit,
347 3118 435 3182 inse
459 3118 627 3203 suscepisse
651 3139 719 3196 eos,
744 3117 832 3182 cuius
856 3139 987 3203 poenas,
1012 3119 1037 3183 si
1061 3119 1105 3184 ita
1127 3097 1231 3185 Athe·¹
1304 3199 1306 3203 y

138 3225 294 3294 iriensibus
322 3228 479 3308 rideatur,
509 3229 540 3293 in
565 3228 692 3302 εόόόνιιις
716 3229 835 3315 exigere
858 3230 986 3316 possint.
1034 3229 1136 3316 Igitur
1158 3255 1222 3297 ver·

139 3334 182 3400 bis
205 3341 228 3404 si
252 3341 307 3418 μὲν
330 3340 388 3423 γὰρ
411 3341 495 3421 κόρωι
518 3336 592 3416 ἦσιιν
615 3348 645 3406 et
668 3343 691 3406 sl
710 3340 735 3405 δ’
754 3339 850 3419 ἔξεστι
870 3341 1013 3406 dilemma
1032 3333 1219 3423 continetui3

139 3457 292 3530 ponuntur
311 3451 476 3516 contraria:
498 3452 523 3516 si
543 3452 631 3517 licuit
638 3444 655 3530 ,¹
669 3452 695 3515 si
714 3452 817 3517 minus
838 3451 919 3517 lioot.
951 3452 1079 3538 Scripsit
1098 3462 1218 3520 auctor:

140 3559 160 3622 εἰ
181 3561 205 3625 δ’
228 3561 324 3641 ἔξεστι
347 3565 400 3641 μὲν
423 3564 528 3642 μηδὲν
551 3565 648 3636 atreis
671 3567 802 3645 ἀφεῖναι.
849 3564 910 3629 Pro
937 3563 1057 3650 vulgari
1079 3566 1103 3629 si
1125 3565 1155 3630 δὲ
1177 3568 1219 3644 μή

141 3668 220 3737 dedit
237 3675 574 3760 pudiu‚'oondioiouem
592 3698 765 3762 proponens
786 3676 888 3741 minus
905 3676 969 3741 veri
987 3675 1115 3741 similem
1128 3699 1220 3761 quam

139 3801 253 3851 necesse
282 3796 364 3866 crat,
388 3788 442 3852 sed
464 3798 501 3852 ut
523 3789 707 3874 significaret
729 3794 849 3874 utiquo,
873 3788 1024 3875 quidquid
1048 3768 1218 3866 statuatur,
1252 3802 1254 3806 “

142 3893 211 3960 nihil
239 3899 354 3964 factum
384 3907 581 3985 quaestorum
612 3922 702 3985 posse
725 3900 850 3980 ‘civitati
881 3901 999 3964 obesse
1043 3899 1116 3964 Non
1147 3902 1220 3965 satis

140 4023 292 4091 assequor,
317 4032 394 4095 quae
413 4011 530 4075 Bakius
551 4035 580 4096 p.
604 4013 667 4074 252
689 4012 727 4077 dc
748 4011 892 4077 hocloco
912 4012 1042 4097 monuit.
1074 4010 1137 4076 Reo
1156 4020 1219 4076 erat

141 4120 352 4186 ostendendum
378 4123 558 4203 ἀντιγραφήν
587 4123 700 4187 iniuria
731 4145 796 4187 osse
818 4123 851 4188 in
875 4147 906 4187 se
929 4124 1103 4188 institutam
1109 4151 1118 4201 ;
1142 4145 1217 4188 num

141 4227 247 4295 mulcta
277 4254 296 4295 a
324 4231 455 4297 Otesiole
485 4234 551 4297 iure
583 4235 611 4297 ei
640 4233 785 4319 imposita
815 4240 911 4312 esset,
943 4235 1123 4299 secundaria
1154 4244 1218 4300 erat

143 4343 287 4421 quaesti03
311 4343 343 4407 in
366 4366 401 4408 eo
424 4343 514 4407 cardo
537 4345 581 4409 rei
600 4344 788 4423 vertebatur,
806 4366 881 4408 uum
897 4346 1109 4429 quaestoribus
1121 4346 1216 4411 mulo·

143 4451 196 4512 tam
215 4453 275 4519 sive
291 4455 358 4519 iure
381 4456 444 4520 sive
467 4455 580 4520 iniuria
603 4455 831 4523 remittentibus
855 4456 1019 4523 obsecutus
1041 4458 1211 4546 Polyaenus
