2958 5238
801 510 863 571 lto

280 717 304 780 εἲ
328 716 357 781 δὲ
379 740 420 796 τῳ
442 717 485 791 μη
507 713 673 795 βουλομένῳ
696 714 756 790 εἵη,
782 714 942 797 ἐξακεόφοι.
960 753 1005 766 -
1028 716 1267 794 Difficultatem,
1286 738 1371 800 quam

279 826 376 889 movit
407 826 548 889 Dobreus
579 825 617 889 de
648 825 805 902 δημόταις,
840 825 952 909 quibus
984 834 1020 890 ut
1043 829 1267 911 gratificaretur
1290 828 1372 911 Poly-

281 943 414 1013 stratus,
445 957 508 998 non
540 957 617 1019 opus
650 936 758 999 fuisset
790 943 877 998 tanto
909 959 1053 1014 numero,
1086 938 1169 1021 quod
1201 938 1291 1016 δῆμος
1314 946 1372 1000 tam

281 1047 392 1130 exigua
421 1068 491 1130 pars
520 1046 561 1109 sit
589 1045 739 1121 civitatis,
771 1044 847 1108 mihi
879 1045 1002 1130 quidem
1035 1069 1097 1111 non
1127 1047 1218 1133 plane
1248 1049 1373 1111 removit

280 1155 414 1233 Bakius,
432 1178 560 1219 monens
575 1156 657 1220 κατὰ
673 1155 778 1231 δήμους
795 1155 968 1240 catalogum
982 1157 1154 1221 confectum
1166 1158 1272 1221 fuisse.
1298 1155 1374 1220 Nam

279 1267 372 1331 verba
402 1265 502 1345 μηδεὶς
532 1271 587 1330 τῶν
610 1266 738 1339 δημοτῶν
762 1265 839 1328 mihi
862 1268 1032 1330 necessario
1056 1267 1094 1330 de
1117 1290 1180 1332 uno
1205 1268 1297 1332 demo
1320 1268 1373 1330 Po·

279 1377 399 1460 lystrati
431 1375 639 1460 intellegenda
663 1375 815 1438 videntur.
863 1375 895 1439 si
931 1398 1036 1441 omnes
1074 1378 1241 1462 voluisset,
1267 1378 1374 1462 quidni

279 1492 335 1551 τῶν
358 1494 481 1551 πολιτῶν
504 1484 659 1548 dixisset?

303 1598 341 1680 ·q
367 1599 417 1659 lt.
461 1594 502 1657 Vi
525 1601 648 1658 tautum
671 1592 754 1678 adigi
770 1593 907 1678 potuisse
924 1593 1000 1658 dicit
1015 1594 1243 1680 Polystratum,
1260 1604 1298 1661 ut
1313 1598 1373 1668 τοὺς

280 1707 531 1786 πεντακιςχιλόονς
558 1705 692 1789 eligeret.
740 1706 783 1768 At
806 1705 923 1767 sactum
946 1705 1004 1769 hoc
1028 1713 1075 1769 est
1097 1707 1192 1790 paulo
1216 1716 1288 1773 ante
1305 1730 1374 1792 qua·

280 1814 459 1899 driugentos
491 1815 646 1891 sublatos,
677 1815 791 1898 quibus
822 1815 881 1878 hoc
905 1817 1086 1880 necessitate
1110 1839 1290 1902 expressum
1314 1824 1371 1893 est,

279 1931 316 1987 ut
339 1924 455 2009 populo
478 1925 731 2008 gratificarentur.
779 1924 812 1987 Si
834 1924 931 2009 igitur
954 1926 984 1988 vi
1008 1932 1039 1989 et
1053 1927 1146 1989 minis
1162 1936 1289 1990 coactus
1305 1927 1379 2005 fuis,

280 2040 326 2096 set
347 2032 541 2118 Polystratus
566 2042 601 2096 ut
624 2033 799 2118 catalogum
822 2035 1001 2114 conficeret,
1024 2036 1185 2120 prudentis
1202 2038 1312 2101 fuisset
1327 2059 1373 2120 pa·

279 2143 361 2206 troni
384 2142 417 2205 id
440 2150 548 2207 tacere.
596 2143 656 2207 Sed
683 2165 730 2207 res
754 2166 807 2228 per
831 2166 862 2208 se
886 2144 976 2208 etiam
1001 2168 1107 2230 parum
1131 2146 1321 2231 probabilis,
1346 2155 1372 2209 et

278 2253 382 2336 potius
407 2253 578 2337 excogitata
600 2253 739 2331 videtur,
764 2261 801 2318 ut
823 2253 997 2320 dissensum
1020 2257 1174 2339 quendam
1195 2258 1275 2321 inter
1293 2256 1328 2320 P.
1345 2263 1372 2319 et

279 2362 520 2447 quadringentos
547 2364 685 2448 fingeret.
731 2364 895 2429 Evanescit
930 2367 1029 2430 omnis
1064 2366 1227 2430 difficultas
1260 2366 1372 2430 adscita

280 2472 455 2542 coniectura
477 2472 582 2536 Bakii:
614 2471 695 2546 οὗτος
718 2474 742 2539 δ’
766 2475 826 2540 οὔτ’
844 2476 948 2553 όμόται
972 2478 1085 2560 ἤθελεν,
1111 2477 1181 2541 οὔτ’
1204 2478 1371 2547 εἰςεκόεῖν

279 2603 335 2666 pro
359 2582 427 2646 οὔτε
449 2584 645 2661 καταλέγειν,
670 2607 764 2668 quam
786 2586 819 2648 in
843 2585 903 2648 alio
928 2586 1053 2669 quidem
1077 2588 1223 2672 scriptore
1245 2593 1371 2670 utraque

279 2715 373 2756 manu
397 2692 601 2776 amplecterer.
639 2693 721 2759 Nam
744 2696 837 2759 etiam
858 2697 1036 2781 imperfecta
1056 2698 1172 2773 ἤθελεν,
1192 2694 1370 2774 ἠνόγκαζον,

280 2802 393 2885 quibus
423 2803 503 2866 redit
534 2802 573 2865 ad
597 2804 753 2886 superiora
787 2812 925 2889 tempora
960 2808 1123 2889 (υοόκειοό,
1151 2808 1316 2890 coeperunt)
1341 2805 1370 2867 iu

278 2912 403 2996 vulgata
427 2912 556 2975 molesta
583 2920 664 2976 sunt.

323 3022 370 3086 Ib.
417 3028 472 3087 τῶν
507 3023 532 3087 δ’
558 3023 693 3089 εἰπόντων
723 3024 790 3100 ὑμῖν
820 3026 966 3090 τόναντόα
995 3026 1043 3090 καὶ
1069 3026 1117 3091 διόν
1145 3026 1246 3096 τέλους
1273 3027 1303 3090 ἕν
1333 3030 1368 3106 τῷ

276 3133 468 3214 βουλευτηρίῳ
490 3132 574 3197 όντων
596 3135 662 3218 (pro
685 3134 855 3218 γενομένων)
878 3137 980 3200 πολλοὶ
1003 3136 1237 3218 ἀποπεφεύγασι
1260 3173 1319 3198 -.
1347 3136 1368 3198 οἱ

276 3244 330 3319 μὲν
354 3243 414 3322 γόος
437 3243 620 3316 δοκοῦντες
639 3244 776 3308 οὶδικεῖν
800 3244 965 3326 ε’ξητημένοι
985 3247 1054 3312 εἰσὶν
1075 3246 1130 3310 ὑπὸ
1149 3253 1205 3310 τῶν
1225 3247 1293 3323 ὑμῖν
1308 3269 1369 3326 προ-

276 3351 370 3428 όόμονν
400 3354 428 3416 ἐν
460 3360 518 3424 τοῖς
538 3353 701 3431 -πρόγμασι
725 3353 902 3430 γενομένων,
926 3357 949 3419 οἱ
976 3356 1000 3419 δ’
1024 3357 1235 3431 ἠδικηκότες
1258 3354 1367 3436 ε’κπμό

275 3485 354 3539 μενοι
376 3462 443 3533 τοὺς
466 3461 643 3541 κατηγόρους
666 3462 724 3526 οὐδ’
749 3462 847 3537 ἔδοξαν
871 3464 988 3531 οὶδικεῖν.
1029 3465 1074 3529 Ut
1097 3466 1250 3551 oppositio
1270 3466 1367 3548 aliqua

276 3570 316 3634 sit
346 3572 369 3636 οἱ
400 3571 544 3642 δοκοῦντες
568 3571 643 3635 όνδικ.
668 3578 758 3635 erunt
779 3572 831 3655 qui
851 3572 965 3637 iniuria
985 3573 1170 3639 videbantur
1190 3576 1365 3659 deliquisse,

275 3683 299 3745 cl
323 3681 394 3756 ἧδικ.
418 3682 527 3764 quire
549 3703 620 3745 vera
644 3681 846 3765 deliquerant.
894 3682 955 3747 Sed
986 3706 1092 3749 omnes
1116 3687 1170 3770 qui
1194 3708 1365 3751 enumeran-

275 3799 327 3854 tur
350 3792 387 3872 (οἱ
410 3789 538 3862 εἰπόντες
562 3793 630 3868 ὑμῖν
652 3791 797 3855 τόναντόα
823 3792 873 3855 καὶ
902 3792 949 3857 δια
972 3793 1073 3867 τέλους
1097 3799 1126 3859 ἐν
1149 3798 1190 3877 τῷ
1212 3799 1364 3875 βουλευτη·

273 3899 319 3979 ρόῳ
349 3898 507 3981 γενόμενοι)
538 3899 656 3984 aliquid
690 3906 897 3985 peccaverant.
944 3901 1055 3986 Itaque
1090 3905 1254 3981 ἠδικηκότες
1289 3905 1362 3969 male

275 4008 415 4072 additum
438 4031 503 4072 esse
527 4008 704 4094 Hirsohigio
721 4010 871 4074 assentior
887 4010 987 4094 (Misc.
1008 4015 1110 4090 1850,
1134 4039 1163 4100 p.
1185 4018 1267 4099 138).
1297 4014 1363 4077 Sen-

275 4119 372 4183 tentia
395 4141 460 4182 esse
483 4118 630 4183 debebat:
654 4120 693 4204 ii,
718 4122 772 4203 qui
795 4120 950 4185 iudicibus
966 4145 1066 4206 poena
1082 4124 1168 4209 digni
1184 4126 1358 4190 videbantur

275 4231 380 4296 amicis
410 4230 644 4314 deprecantibus
673 4232 769 4315 erepti
792 4230 929 4316 periculo
953 4239 1043 4309 sunt,
1068 4233 1122 4297 alii
1146 4234 1294 4319 corruptis
1317 4254 1358 4295 ae-

274 4342 484 4407 cusatoribus'
502 4363 624 4405 causam
659 4364 721 4405 non
751 4343 896 4407 dixerunt
927 4366 950 4406 s.
985 4366 1023 4407 ne
1054 4343 1209 4409 iudicibus
1241 4343 1355 4429 quidem

273 4449 458 4516 videbantur
481 4452 658 4536 deliquisse.
