2994 5234
829 451 891 510 182

320 670 381 710 non
418 645 582 730 prohibent
613 644 784 750 quominus·
808 668 889 708 anno
921 669 983 709 uuo
1006 646 1165 711 duobusve
1189 654 1256 732 post
1279 648 1397 730 triginta

320 758 399 820 viros
425 754 623 838 compositam
646 760 802 836 putemus.

363 868 456 949 ῤ33.
503 862 551 926 κού
583 861 704 936 δίέουυτ’
735 860 772 926 νίν
804 864 913 945 (sermo
942 873 988 928 est
1019 865 1056 929 de
1079 867 1280 949 delatoribus)
1303 866 1399 944 μικρὰν

319 971 390 1040 είνοοο
420 974 472 1046 τίον
503 972 586 1036 πόλιν
614 976 731 1046 μᾶλλον
762 972 778 1045 ἢ
810 971 844 1035 δι’
875 971 983 1045 ἄλλους
1011 976 1150 1052 μενοίνεον
1173 975 1222 1038 κού
1244 973 1397 1052 ε’λευύὲροον,

320 1081 470 1160 ἡγούμενοι
493 1087 541 1144 νῦν
563 1082 617 1157 μὲν
640 1080 688 1143 δύο
710 1082 776 1151 τοὺς
798 1082 881 1164 [τῶν]
906 1083 939 1145 ἐκ
962 1089 1099 1162 Πειραιῶς
1121 1084 1289 1169 [κινδύνους]
1309 1083 1398 1152 οούτοῑς

318 1193 422 1269 ἐξεῖυου
442 1197 529 1254 ποιεῖν
553 1187 571 1253 ύ
589 1214 617 1253 το
640 1189 677 1253 clv
700 1188 881 1266 βούλωνται,
905 1192 956 1256 ε’ύον
979 1189 1003 1254 δ’
1024 1190 1136 1273 ύοτερου
1158 1195 1226 1269 ὑμῖν
1244 1194 1278 1257 δι’
1299 1193 1398 1272 ἑτέρους

319 1303 444 1382 ουτκρίυ
475 1300 613 1376 νένντκν,
648 1299 797 1370 τούτους
828 1300 894 1375 μὲν
924 1303 1197 1384 ἐπιλύσασθαι,
1230 1302 1348 1373 ἐκείνους
1375 1301 1401 1363 δὲ

319 1413 416 1492 μεῖζον
439 1410 616 1483 δυνύοεούου.
662 1407 765 1473 Locus
790 1431 870 1472 unus
895 1410 1033 1474 omnium
1056 1411 1273 1489 difficillimus;
1297 1412 1330 1475 in
1346 1432 1400 1493 quo

319 1524 433 1585 frustra
463 1520 591 1582 fortasse
622 1540 713 1601 opera
744 1520 948 1596 consumitur3
974 1520 1027 1584 sed
1051 1544 1148 1604 quum
1172 1521 1326 1584 sententia
1347 1518 1402 1602 pel-

319 1631 437 1705 luceat‚
460 1630 510 1691 vix
530 1635 561 1690 te
581 1628 737 1690 contineas
758 1650 776 1690 a
793 1629 941 1692 tentanda
960 1631 1184 1695 emendatione.
1215 1631 1296 1694 Nam
1314 1651 1401 1715 quum

321 1739 462 1823 opposita
496 1738 559 1799 sint
588 1737 705 1806 τούτους
737 1745 767 1799 et
799 1738 935 1815 ἐκείνους,
968 1739 1026 1803 hoc
1058 1741 1211 1823 posterius
1244 1748 1345 1803 autem
1367 1737 1400 1800 ad

320 1848 494 1911 liberatores
524 1846 577 1928 qui
607 1846 735 1907 fortasse
764 1845 861 1908 futuri
891 1854 992 1910 essent
1015 1848 1182 1926 reseratur,
1206 1850 1324 1919 τούτους
1346 1869 1400 1909 non

320 1958 359 2020 ad
383 1956 457 2020 alios
481 1956 630 2039 respicere
653 1963 754 2039 potest
778 1978 871 2038 quam
894 1979 944 2020 eos
969 1958 1024 2040 qui
1047 1959 1221 2023 subiectum
1242 1958 1399 2023 sententiae

320 2067 473 2141 efficiunt,
499 2065 659 2127 delatores.
706 2063 802 2126 Porro
834 2087 929 2147 quum
954 2066 992 2128 de
1016 2067 1119 2129 alteris
1143 2067 1264 2131 dicatur
1287 2065 1400 2144 μεῖζον

320 2178 501 2251 δυνύοεούου,
526 2196 588 2236 nou
611 2173 712 2249 μέγα,
736 2172 929 2255 intellegitur
953 2176 1129 2258 oppositum
1148 2198 1212 2239 non
1232 2198 1313 2240 esse:
1333 2176 1402 2236 nihil

316 2308 407 2370 posse
437 2293 491 2346 aut
520 2289 660 2359 interire,
691 2282 745 2345 sed
762 2304 877 2366 ροουκο
903 2287 1018 2364 catere,
1043 2292 1160 2349 centum
1182 2291 1331 2361 iuvenire,
1354 2289 1400 2346 οόο-

315 2418 397 2479 puae
428 2416 500 2456 esse.
546 2392 584 2455 In
619 2393 698 2454 hane
729 2393 914 2455 senteutiam
944 2393 1047 2457 locum
1077 2396 1291 2479 refingendum
1322 2400 1397 2478 puto.

321 2503 360 2565 In
384 2502 572 2566 ἐτνλύοεούοοο
599 2500 694 2563 latere
721 2499 799 2562 mihi
823 2500 947 2564 videtur
969 2503 1227 2581 ἐτολύοεούοον,
1251 2511 1288 2566 ut
1310 2502 1400 2584 legen·

320 2613 395 2675 dum
419 2612 460 2674 sit
483 2611 533 2673 ε’ύον
557 2610 582 2672 δ’
605 2607 719 2688 ύοτερον
744 2610 811 2685 ὑμῖν
835 2610 869 2672 δι’
892 2612 1002 2689 ἑτέρους
1026 2613 1151 2692 ουτνρρίοο
1171 2613 1311 2690 νίνκτου,
1331 2610 1397 2675 τού·

319 2747 384 2785 τοον
414 2722 480 2795 μὲν
503 2721 598 2794 ὑμᾶς
622 2720 883 2794 ἐτνλύοεούοον,
908 2720 1026 2790 ἐκείνους
1052 2721 1396 2802 superterrenorum,

319 2831 390 2905 „sin
408 2836 514 2912 postea
529 2828 616 2891 vobis
634 2828 717 2890 salus
734 2849 788 2911 per
805 2827 882 2890 alios
898 2835 1060 2905 nascatur,
1078 2829 1190 2893 horum
1206 2830 1396 2913 (delatorum,

318 2939 498 3022 ,,δεοκτοκῶς)
532 2938 657 3020 quidem
688 2958 742 2999 vos
769 2936 859 3000 facile·
883 2936 1054 3014 oblituros,
1078 2938 1283 3003 nihilominus
1305 2943 1396 2999 tamen

319 3048 493 3131 „tquamvis
522 3049 584 3110 sint
606 3047 744 3130 impune)
769 3046 882 3109 alteros
907 3046 977 3110 illos
1001 3048 1141 3130 potentia
1165 3049 1249 3132 ipsos
1273 3068 1336 3111 esse
1357 3063 1397 3104 su·

320 3157 535 3240 „peraturcs”
582 3157 632 3219 lta
667 3157 798 3219 strictim
827 3156 998 3240 exprobrat
1032 3157 1294 3234 Atheniensibus,
1325 3147 1396 3237 q11⁰d

319 3268 410 3330 nimis
435 3267 539 3330 faciles
564 3267 626 3330 sint
650 3267 689 3329 ad
713 3265 947 3349 ignoscendum.
971 3303 1016 3313 —
1041 3265 1135 3338 Οὗτος
1158 3268 1279 3351 saepius
1303 3265 1339 3327 de
1353 3258 1396 3324 ad·

319 3378 451 3439 versario
476 3376 607 3452 dicitur,
633 3376 722 3439 cuius
738 3376 855 3439 mentio
872 3374 1045 3457 praecedit,
1064 3375 1118 3439 ubi
1134 3377 1223 3446 οούτίς
1240 3377 1288 3439 vel
1302 3372 1392 3438 ἑκυτού

319 3491 485 3568 exspectes.
534 3485 581 3548 Of.
614 3489 644 3548 3.
678 3488 736 3547 11:
769 3481 848 3555 οὗτος
874 3485 899 3547 δ’
923 3481 1087 3561 οοίοίύρκενος
1110 3487 1210 3556 εύύέυς
1233 3486 1334 3562 ίίκοντυ
1352 3480 1393 3542 τὸν

319 3594 454 3659 Θεόδοτον
487 3597 536 3659 κού
569 3595 755 3673 δοκτρίβοντκ
778 3594 860 3674 τυροὶ
883 3593 1054 3673 Λυοομοίχῳ
1076 3592 1105 3665 ὃς
1129 3594 1193 3675 ᾤκει
1214 3594 1391 3671 annularis

316 3703 425 3778 οίκίοος,
450 3701 480 3777 ἧς
504 3703 584 3777 ούτος
604 3706 802 3783 ε’μεροίούοοτο,
830 3701 1015 3782 aspectaret
1037 3728 1119 3776 τινος
1142 3710 1198 3769 τῶν
1221 3706 1319 3770 τούτου
1341 3700 1390 3761 ε’το·

316 3812 442 3884 rubelus.
489 3813 537 3876 Ib.
564 3817 624 3877 28:
648 3815 730 3890 λέγει
754 3813 777 3876 δ’
800 3817 836 3884 ὡς
861 3818 945 3889 ἡμεῖς
969 3812 1091 3889 ἤλθομεν
1111 3814 1160 3877 ἐπὶ
1179 3816 1232 3889 τὴν
1250 3812 1333 3878 οἰκίον
1347 3806 1390 3877 tlt

316 3921 416 3983 τούτου
447 3920 583 4001 ύοτροοκον
613 3924 741 4002 ἔχοντες.
791 3925 842 3984 14.
868 3925 928 3983 31:
961 3922 1054 3986 κυίτον
1077 3923 1191 4003 οφύδροο
1215 3923 1329 3988 είύιοτοοο
1348 3911 1387 3976 λί-

315 4052 396 4105 νεον,
428 4032 465 4100 ὡς
493 4032 544 4093 ούκ
566 4030 638 4102 είκύς
663 4032 724 4095 ἕστο
747 4031 796 4094 τὸν
818 4032 872 4108 μὲν
896 4030 1013 4110 τοοτίροο
1037 4035 1127 4096 οούτού
1151 4032 1327 4096 κοοτελύύντοο
1346 4024 1387 4085 δ’

315 4142 382 4218 ρεοος
414 4141 496 4218 νεκροί
526 4145 576 4203 τού
601 4141 690 4217 δύμον
714 4140 838 4224 latisin,
861 4147 961 4204 τούτου
984 4140 1009 4202 δ’
1032 4142 1135 4212 οίδίκυς
1160 4141 1206 4206 διὰ
1229 4143 1280 4215 τὴν
1300 4131 1385 4217 &vult

314 4249 366 4320 τὴν
394 4247 498 4312 ἐκείνου
526 4247 750 4325 δνυβεβκῆούου.
801 4251 850 4312 13.
878 4251 935 4312 77:
960 4250 1054 4314 κοοίτον
1079 4255 1140 4321 πῶς
1163 4250 1199 4315 clv
1223 4243 1323 4326 γένοιτ’
1343 4239 1384 4301 ult·

313 4358 418 4435 ύροοτος
442 4358 631 4438 ρκουρύτερος,
656 4359 733 4430 ὅστις
757 4359 833 4432 εἰδὼς
856 4356 899 4423 ύτο
922 4359 978 4423 είοί
999 4385 1074 4431 τινες
1097 4361 1251 4442 §abacis
1273 4362 1324 4422 τῶν
1339 4343 1383 4414 ὑπὸ
