3002 5240
792 481 934 557 aas

272 700 301 762 p.
317 677 368 740 67.
400 675 518 761 Operae
540 678 633 761 igitur
656 679 786 763 pretium
811 679 937 742 fortasse
958 679 1081 756 faciam,
1098 680 1123 743 si
1140 679 1359 763 explorarem,

272 810 346 851 num
377 787 452 851 haec
483 790 579 853 oratio
611 789 650 853 ad
677 790 804 854 eandem
828 813 897 855 oum
921 791 1099 855 Andocidea
1123 812 1243 855 causam
1267 790 1362 874 perti-

273 907 345 962 neat
368 906 399 961 et
422 922 490 964 vere
513 902 618 966 habita
641 904 690 967 sit.

317 1010 490 1074 Secundum
520 1012 710 1076 Andocidem
742 1011 903 1098 Cephisius
932 1011 1045 1089 ἔνδειξιν
1068 1012 1208 1089 &ordelas
1231 1013 1264 1075 in
1289 1035 1362 1075 enm

274 1121 401 1200 detulit,
436 1122 516 1206 quod
541 1123 754 1187 denunciasset
777 1130 893 1207 patrem
917 1131 1040 1208 propter
1063 1124 1207 1208 mysteria
1228 1121 1362 1199 violata3

274 1242 379 1297 contra
402 1233 459 1297 hoc
482 1236 596 1299 crimen
620 1257 651 1297 se
675 1234 811 1299 defendit
833 1243 934 1298 orator
956 1238 973 1320 q
999 1238 1136 1316 lta-33.
1174 1234 1363 1298 Hermarum

275 1346 489 1410 mutilatorum
514 1355 652 1411 auctores
676 1371 707 1411 se
731 1347 877 1411 detulisse
900 1349 1030 1426 fatetur,
1056 1348 1108 1413 sed
1132 1369 1226 1431 quum
1247 1346 1301 1410 alii
1319 1367 1365 1408 ao-

276 1464 434 1521 cusasseut
456 1459 652 1537 innoeentes,
676 1459 779 1544 plures
807 1459 915 1522 seille
938 1459 1090 1523 delatione
1113 1481 1245 1523 servasse
1269 1479 1365 1540 quam

274 1569 443 1654 perdidisse
466 1569 603 1633 defendit
624 1609 669 1619 -
691 1574 708 1656 q
729 1574 745 1636 7
750 1573 780 1634 0.
805 1570 851 1634 Ex
867 1570 1046 1634 Isotimidae
1062 1568 1266 1656 psephismate
1278 1589 1365 1631 nunc

275 1704 306 1745 se
338 1681 473 1744 accusari
481 1730 494 1759 ,¹
519 1681 551 1744 in
579 1703 648 1759 eos,
673 1684 726 1765 qni
749 1682 888 1759 ἀσέβειαν
913 1683 1042 1746 confessi
1066 1681 1145 1759 sint,
1170 1681 1250 1757 lato,
1277 1677 1365 1764 quod

275 1792 306 1855 in
331 1815 379 1869 se,
405 1814 498 1876 quum
523 1793 689 1876 impietatis
712 1815 774 1856 non
798 1793 955 1856 convictus
977 1794 1033 1870 sit,
1051 1791 1128 1855 nihil
1144 1792 1244 1854 valeat
1251 1817 1260 1868 ;
1277 1788 1364 1874 quod

276 1904 301 1966 si
332 1903 380 1966 vel
413 1904 541 1966 maxime
571 1904 683 1981 ἀσεβής
715 1905 772 1980 sit,
805 1912 906 1968 tamen
937 1926 972 1966 eo
1003 1902 1208 1988 psephismate
1240 1925 1272 1966 se
1300 1923 1365 1964 non

276 2014 391 2092 teneri,
417 2016 560 2099 qnoniam
585 2023 654 2078 aute
678 2014 838 2079 Euclidem
861 2016 956 2079 latum
981 2006 1021 2078 sit
1040 2054 1085 2063 -
1104 2016 1121 2098 q
1138 2016 1211 2077 105.
1242 2012 1366 2083 Horum

278 2126 440 2190 criminum
462 2130 502 2210 (l.
520 2129 685 2213 impietatis
705 2128 738 2192 iu
757 2136 891 2212 patrem,
914 2131 943 2190 2.
961 2126 1141 2190 Hermarum
1157 2124 1364 2199 deiectorum,

278 2239 308 2300 3.
332 2238 516 2322 templorum
541 2237 708 2302 Andocidis
728 2240 899 2324 praesentia
914 2238 1153 2322 profanatorum)
1171 2241 1363 2320 postremum

278 2356 433 2411 tantuma
452 2347 678 2432 Pseudo-Lysia
693 2346 870 2434 respicitur,
895 2349 983 2412 cuius
1002 2355 1068 2411 tota
1088 2346 1315 2431 argument-atio
1332 2346 1363 2407 in

279 2441 314 2522 eo
330 2466 476 2537 versatur,
491 2468 527 2522 ut
539 2458 740 2538 demonstret,
754 2483 815 2524 non
832 2460 960 2545 dignum
976 2482 1041 2524 esse
1056 2459 1144 2523 venia
1161 2457 1363 2536 Andocidem,

280 2570 443 2635 arcendum
460 2593 527 2651 esse
549 2594 566 2634 a
584 2572 797 2636 communione
818 2594 970 2635 sacrorum
990 2580 1021 2635 et
1038 2571 1179 2634 civitatis.
1217 2568 1365 2653 Mysteria

280 2683 409 2746 strictim
431 2690 551 2746 tantum
575 2690 849 2747 commemorantur
872 2682 929 2747 sub
953 2683 1044 2746 finem
1066 2685 1083 2767 d
1103 2685 1155 2759 50,
1179 2683 1229 2745 51.
1261 2679 1365 2744 Patris

279 2815 432 2877 nusquam
455 2793 566 2857 diserta
589 2772 703 2857 mentio
728 2801 789 2871 est,
810 2801 931 2857 tantum
954 2795 971 2878 A
992 2796 1036 2887 24
1062 2792 1175 2886 dicitur
1199 2794 1364 2862 ἀπεκτονὼς

279 2900 368 2981 rioci,
404 2901 449 2976 οὓς
481 2905 567 2975 αὐτὸς
597 2904 654 2987 ἔφη
685 2903 748 2982 περὶ
779 2904 917 2968 πλείστου
948 2905 1096 2968 cassiodor.
1133 2902 1248 2966 Contra
1279 2900 1363 2988 apud

280 3014 471 3079 Andocidem
493 3015 541 3091 id,
565 3016 597 3078 iu
621 3036 682 3098 quo
705 3013 796 3079 cardo
820 3016 863 3078 rei
886 3024 1032 3092 versatur,
1058 3022 1104 3079 est
1121 3022 1155 3079 ut
1172 3020 1283 3100 purget
1299 3035 1366 3078 sea

280 3126 458 3191 criminibus
490 3150 526 3190 ex
557 3127 711 3212 superiore
745 3134 881 3213 tempore
917 3128 974 3191 sibi
1009 3127 1151 3206 obiectis,
1185 3128 1217 3191 in
1249 3126 1362 3212 quibus

280 3239 423 3324 mysteria
442 3239 600 3322 profanata
619 3239 717 3323 primo
732 3239 800 3303 loco
821 3247 968 3302 memorat
985 3241 1002 3323 q
1019 3241 1067 3303 lt).
1103 3237 1227 3302 Novum
1248 3239 1363 3302 crimen

234 3394 236 3399 -
281 3358 311 3412 et-
343 3349 471 3433 oapitale
503 3348 623 3433 quidem
652 3349 778 3415 affertur
807 3353 823 3435 d
856 3353 935 3429 110,
965 3350 1047 3435 quod
1071 3350 1261 3435 deposuisset
1293 3370 1363 3432 sup·

280 3461 372 3545 plicia
388 3462 420 3523 iu
436 3460 607 3539 Eleusini03
628 3461 665 3525 de
684 3462 741 3526 hoo
758 3484 881 3548 quoque
897 3461 979 3548 apud
993 3460 1249 3546 Pseudo-Lysiam
1265 3463 1362 3526 altum

282 3573 446 3636 silentium.
493 3571 533 3635 Of
553 3574 570 3657 q
589 3576 647 3651 52,
667 3574 721 3637 ubi
744 3575 837 3639 huius
859 3576 903 3639 rei
926 3574 1040 3639 mentio
1064 3574 1221 3658 aptissima
1243 3574 1360 3637 fuisset.

328 3684 500 3748 Andocides
522 3685 588 3770 ipse
611 3685 805 3768 pertinaciter
826 3694 918 3770 negat
941 3709 972 3749 se
996 3685 1176 3769 deliquisse,
1201 3708 1262 3749 nou
1287 3685 1362 3748 Her-

282 3820 346 3861 mas
370 3820 401 3860 se
425 3796 567 3861 deiecisse
591 3797 634 3881 (in
658 3797 755 3880 prima
778 3798 900 3882 quidem
925 3798 1061 3861 oratione
1076 3800 1093 3882 q
1110 3799 1150 3859 29
1169 3805 1199 3860 et
1216 3799 1256 3861 71
1267 3845 1276 3874 ,
1293 3815 1362 3859 nam

282 3909 315 3972 in
339 3908 433 3972 altera
457 3930 534 3992 quae
556 3908 653 3972 fertur
676 3907 841 3993 deliquisse
864 3933 896 3973 se
919 3908 1035 3993 aliquid
1059 3908 1172 3971 fatetur
1187 3908 1204 3991 d
1221 3911 1237 3973 7
1249 3933 1257 3986 3
1274 3908 1360 3992 §252

283 4030 319 4101 τῇ
348 4019 416 4084 τότε
447 4019 600 4102 ἁμαρτίᾳ).
643 4019 736 4106 Apud
766 4020 1022 4105 Pseudo-Lysiam
1053 4019 1144 4085 verba
1173 4018 1253 4082 fiunt
1276 4018 1308 4082 in
1331 4037 1362 4078 re

284 4130 429 4194 confessa.
477 4128 524 4193 Of.
548 4132 565 4215 d
590 4133 646 4193 ln:
671 4132 774 4196 ἔπειτα
796 4132 821 4195 δ’
842 4133 937 4195 ἐκεῖνον
961 4131 1185 4211 circipanorum
1208 4129 1363 4207 τᾶμεμο-

282 4241 406 4324 svalva,
439 4239 519 4314 οὗτος
551 4242 574 4305 δ’
597 4245 735 4319 ὁμολογεῖ
755 4252 882 4318 ποιῆσον.
929 4242 1065 4326 Sequens
1089 4243 1257 4328 disputatio
1280 4237 1362 4302 insti-

283 4353 383 4417 tuitur
405 4362 442 4416 nt
464 4353 688 4417 demonstretur
711 4357 742 4419 οὐ
764 4363 869 4434 patrat
892 4354 1008 4432 γνώμην
1030 4356 1130 4431 farfar
1153 4356 1233 4436 ἔχειν
1251 4352 1316 4433 περί
1329 4373 1360 4415 τε

282 4469 338 4528 τῶν
361 4462 534 4545 ἀρνουμένων
557 4465 606 4528 aa}
629 4464 691 4546 περὶ
720 4471 787 4530 τῶν
816 4466 1092 4544 ὁμολογούντων.
