<?xml version="1.0" encoding="UTF-8"?>
<!DOCTYPE html PUBLIC "-//W3C//DTD XHTML 1.0 Transitional//EN"
    "http://www.w3.org/TR/xhtml1/DTD/xhtml1-transitional.dtd">
<html xmlns="http://www.w3.org/1999/xhtml" xml:lang="en" lang="en">
 <head>
  <title>
</title>
<meta http-equiv="Content-Type" content="text/html;charset=utf-8" />
  <meta name='ocr-system' content='tesseract 3.04.00' />
  <meta name='ocr-capabilities' content='ocr_page ocr_carea ocr_par ocr_line ocrx_word'/>
</head>
<body>
  <div class='ocr_page' id='page_1' title='image "./commentationesl03frangoog_0168.png"; bbox 0 0 2958 5238; ppageno 0'>
   <div class='ocr_carea' id='block_1_1' title="bbox 611 486 673 548">
    <p class='ocr_par' dir='ltr' id='par_1_1' title="bbox 611 486 673 548">
     <span class='ocr_line' id='line_1_1' title="bbox 611 486 673 548; baseline 0 -1"><span class='ocrx_word' id='word_1_1' title='bbox 611 486 673 548; x_wconf 80' lang='lat'><strong>153</strong></span> 
     </span>
    </p>
   </div>
   <div class='ocr_carea' id='block_1_2' title="bbox 95 680 1187 1741">
    <p class='ocr_par' dir='ltr' id='par_1_2' title="bbox 96 680 1187 985">
     <span class='ocr_line' id='line_1_2' title="bbox 97 680 1187 761; baseline -0.002 -16"><span class='ocrx_word' id='word_1_2' title='bbox 97 683 197 753; x_wconf 77' lang='grc' dir='ltr'><em>εἰδότες</em></span> <span class='ocrx_word' id='word_1_3' title='bbox 229 682 270 757; x_wconf 84' lang='grc' dir='ltr'><strong>ότι</strong></span> <span class='ocrx_word' id='word_1_4' title='bbox 301 721 347 732; x_wconf 89' lang='grc'>-</span> <span class='ocrx_word' id='word_1_5' title='bbox 378 683 513 760; x_wconf 85' lang='grc' dir='ltr'><em>πρόθυμοι</em></span> <span class='ocrx_word' id='word_1_6' title='bbox 544 682 621 755; x_wconf 78' lang='grc' dir='ltr'><em>ὄντες</em></span> <span class='ocrx_word' id='word_1_7' title='bbox 653 685 692 755; x_wconf 78' lang='grc' dir='ltr'><em>εἰς</em></span> <span class='ocrx_word' id='word_1_8' title='bbox 718 683 796 759; x_wconf 68' lang='grc' dir='ltr'><em>ὑμᾶς</em></span> <span class='ocrx_word' id='word_1_9' title='bbox 820 680 1015 757; x_wconf 77' lang='grc' dir='ltr'><em>οὶξιοόμεθα</em></span> <span class='ocrx_word' id='word_1_10' title='bbox 1039 681 1187 761; x_wconf 85' lang='grc' dir='ltr'><em>εὑρθσκε-</em></span> 
     </span>
     <span class='ocr_line' id='line_1_3' title="bbox 96 789 1185 875; baseline -0.002 -21"><span class='ocrx_word' id='word_1_11' title='bbox 96 794 173 856; x_wconf 90' lang='grc' dir='ltr'><em>σθαι</em></span> <span class='ocrx_word' id='word_1_12' title='bbox 198 793 296 872; x_wconf 84' lang='grc' dir='ltr'><em>χόριν.</em></span> <span class='ocrx_word' id='word_1_13' title='bbox 345 792 485 856; x_wconf 90' lang='lat' dir='ltr'><strong>Debebat</strong></span> <span class='ocrx_word' id='word_1_14' title='bbox 516 793 624 856; x_wconf 88' lang='lat' dir='ltr'><strong>saltem</strong></span> <span class='ocrx_word' id='word_1_15' title='bbox 648 793 825 871; x_wconf 69' lang='grc' dir='ltr'><em>εὑρησόμεθα</em></span> <span class='ocrx_word' id='word_1_16' title='bbox 848 792 954 873; x_wconf 75' lang='grc' dir='ltr'><em>χάριν,</em></span> <span class='ocrx_word' id='word_1_17' title='bbox 980 789 1064 874; x_wconf 92' lang='lat' dir='ltr'><strong>quod</strong></span> <span class='ocrx_word' id='word_1_18' title='bbox 1086 791 1185 875; x_wconf 88' lang='lat' dir='ltr'><strong>ipsius</strong></span> 
     </span>
     <span class='ocr_line' id='line_1_4' title="bbox 98 902 899 985; baseline 0.002 -23"><span class='ocrx_word' id='word_1_19' title='bbox 98 904 225 965; x_wconf 86' lang='lat' dir='ltr'><strong>oratoris</strong></span> <span class='ocrx_word' id='word_1_20' title='bbox 248 902 383 982; x_wconf 72' lang='grc' dir='ltr'><em>σφάλμα</em></span> <span class='ocrx_word' id='word_1_21' title='bbox 408 925 473 965; x_wconf 84' lang='lat' dir='ltr'><strong>esse</strong></span> <span class='ocrx_word' id='word_1_22' title='bbox 497 903 548 966; x_wconf 82' lang='lat' dir='ltr'><strong>via</strong></span> <span class='ocrx_word' id='word_1_23' title='bbox 572 910 619 966; x_wconf 87' lang='lat' dir='ltr'><strong>est</strong></span> <span class='ocrx_word' id='word_1_24' title='bbox 642 902 726 985; x_wconf 91' lang='lat' dir='ltr'><strong>quod</strong></span> <span class='ocrx_word' id='word_1_25' title='bbox 749 924 899 966; x_wconf 89' lang='lat' dir='ltr'><strong>moneam.</strong></span> 
     </span>
    </p>

    <p class='ocr_par' dir='ltr' id='par_1_3' title="bbox 95 1010 1187 1741">
     <span class='ocr_line' id='line_1_5' title="bbox 138 1010 1187 1090; baseline -0.002 -16"><span class='ocrx_word' id='word_1_26' title='bbox 138 1014 193 1075; x_wconf 80' lang='lat'><strong>35.</strong></span> <span class='ocrx_word' id='word_1_27' title='bbox 240 1010 431 1090; x_wconf 86' lang='grc' dir='ltr'><em>Πεπόνθαμεν</em></span> <span class='ocrx_word' id='word_1_28' title='bbox 454 1012 483 1076; x_wconf 79' lang='grc' dir='ltr'><strong>δὲ</strong></span> <span class='ocrx_word' id='word_1_29' title='bbox 505 1013 669 1076; x_wconf 80' lang='grc' dir='ltr'><em>τούναντίον</em></span> <span class='ocrx_word' id='word_1_30' title='bbox 693 1019 752 1081; x_wconf 90' lang='grc' dir='ltr'><em>τοῖς</em></span> <span class='ocrx_word' id='word_1_31' title='bbox 775 1012 876 1081; x_wconf 76' lang='grc' dir='ltr'><em>ἄλλοις</em></span> <span class='ocrx_word' id='word_1_32' title='bbox 896 1012 1067 1088; x_wconf 70' lang='grc' dir='ltr'><em>ἀνθρώποις.</em></span> <span class='ocrx_word' id='word_1_33' title='bbox 1090 1012 1114 1073; x_wconf 72' lang='grc' dir='ltr'><strong>ον’</strong></span> <span class='ocrx_word' id='word_1_34' title='bbox 1133 1012 1187 1087; x_wconf 76' lang='grc' dir='ltr'><strong>μὲν</strong></span> 
     </span>
     <span class='ocr_line' id='line_1_6' title="bbox 96 1119 1186 1201; baseline -0.004 -15"><span class='ocrx_word' id='word_1_35' title='bbox 96 1122 150 1201; x_wconf 78' lang='grc' dir='ltr'><em>νόιρ</em></span> <span class='ocrx_word' id='word_1_36' title='bbox 176 1122 263 1187; x_wconf 79' lang='grc' dir='ltr'><em>ἄλλοι</em></span> <span class='ocrx_word' id='word_1_37' title='bbox 282 1123 348 1192; x_wconf 81' lang='grc' dir='ltr'><em>τοὺς</em></span> <span class='ocrx_word' id='word_1_38' title='bbox 372 1122 484 1194; x_wconf 82' lang='grc' dir='ltr'><em>παῖδας</em></span> <span class='ocrx_word' id='word_1_39' title='bbox 504 1121 765 1201; x_wconf 68' lang='grc' dir='ltr'><strong>παραστησάμενοι</strong></span> <span class='ocrx_word' id='word_1_40' title='bbox 781 1119 965 1195; x_wconf 76' lang='grc' dir='ltr'><em>ἐξαιτοῦνται</em></span> <span class='ocrx_word' id='word_1_41' title='bbox 982 1124 1082 1200; x_wconf 66' lang='grc' dir='ltr'><em>σφοῖς,</em></span> <span class='ocrx_word' id='word_1_42' title='bbox 1101 1122 1186 1196; x_wconf 71' lang='grc' dir='ltr'><em>ἡμεῖς</em></span> 
     </span>
     <span class='ocr_line' id='line_1_7' title="bbox 96 1227 1186 1311; baseline -0.003 -18"><span class='ocrx_word' id='word_1_43' title='bbox 96 1230 120 1294; x_wconf 81' lang='grc' dir='ltr'><strong>δὲ</strong></span> <span class='ocrx_word' id='word_1_44' title='bbox 138 1231 190 1293; x_wconf 81' lang='grc' dir='ltr'><strong>τόν</strong></span> <span class='ocrx_word' id='word_1_45' title='bbox 212 1233 328 1311; x_wconf 80' lang='grc' dir='ltr'><em>πατέρα</em></span> <span class='ocrx_word' id='word_1_46' title='bbox 351 1233 461 1296; x_wconf 79' lang='grc' dir='ltr'><em>τουτονὶ</em></span> <span class='ocrx_word' id='word_1_47' title='bbox 484 1232 535 1295; x_wconf 83' lang='grc' dir='ltr'><strong>καὶ</strong></span> <span class='ocrx_word' id='word_1_48' title='bbox 560 1235 638 1308; x_wconf 70' lang='grc' dir='ltr'><em>ἡμᾶς</em></span> <span class='ocrx_word' id='word_1_49' title='bbox 663 1229 866 1306; x_wconf 77' lang='grc' dir='ltr'><em>ἐξαιτούμεθα.</em></span> <span class='ocrx_word' id='word_1_50' title='bbox 906 1227 1122 1292; x_wconf 88' lang='lat' dir='ltr'><strong>Omittendum</strong></span> <span class='ocrx_word' id='word_1_51' title='bbox 1144 1229 1186 1290; x_wconf 92' lang='lat' dir='ltr'><strong>vi·</strong></span> 
     </span>
     <span class='ocr_line' id='line_1_8' title="bbox 96 1339 1185 1423; baseline -0.001 -22"><span class='ocrx_word' id='word_1_52' title='bbox 96 1339 184 1403; x_wconf 85' lang='lat' dir='ltr'><strong>detur</strong></span> <span class='ocrx_word' id='word_1_53' title='bbox 205 1341 257 1404; x_wconf 83' lang='grc' dir='ltr'><strong>καί</strong></span> <span class='ocrx_word' id='word_1_54' title='bbox 280 1347 351 1403; x_wconf 86' lang='lat' dir='ltr'><strong>ante</strong></span> <span class='ocrx_word' id='word_1_55' title='bbox 375 1344 472 1422; x_wconf 68' lang='grc' dir='ltr'><em>ἡμᾶς,</em></span> <span class='ocrx_word' id='word_1_56' title='bbox 490 1346 527 1404; x_wconf 92' lang='lat' dir='ltr'><strong>ut</strong></span> <span class='ocrx_word' id='word_1_57' title='bbox 542 1343 591 1405; x_wconf 85' lang='grc' dir='ltr'><strong>τὸν</strong></span> <span class='ocrx_word' id='word_1_58' title='bbox 607 1340 724 1419; x_wconf 81' lang='grc' dir='ltr'><em>πατέρα</em></span> <span class='ocrx_word' id='word_1_59' title='bbox 740 1340 852 1403; x_wconf 83' lang='grc' dir='ltr'><em>τουτονί</em></span> <span class='ocrx_word' id='word_1_60' title='bbox 867 1339 1001 1423; x_wconf 81' lang='lat' dir='ltr'><strong>pendeat</strong></span> <span class='ocrx_word' id='word_1_61' title='bbox 1017 1339 1055 1402; x_wconf 92' lang='lat' dir='ltr'><strong>ah</strong></span> <span class='ocrx_word' id='word_1_62' title='bbox 1072 1340 1185 1402; x_wconf 88' lang='lat' dir='ltr'><strong>omisso</strong></span> 
     </span>
     <span class='ocr_line' id='line_1_9' title="bbox 95 1448 1185 1534; baseline -0.001 -23"><span class='ocrx_word' id='word_1_63' title='bbox 95 1450 361 1529; x_wconf 72' lang='grc' dir='ltr'><em>παραστησάμενοι.</em></span> <span class='ocrx_word' id='word_1_64' title='bbox 386 1490 431 1499; x_wconf 95' lang='lat'><em>-</em></span> <span class='ocrx_word' id='word_1_65' title='bbox 454 1450 596 1534; x_wconf 90' lang='lat' dir='ltr'><strong>Denique</strong></span> <span class='ocrx_word' id='word_1_66' title='bbox 620 1450 677 1513; x_wconf 90' lang='lat' dir='ltr'><strong>suh</strong></span> <span class='ocrx_word' id='word_1_67' title='bbox 701 1451 794 1513; x_wconf 89' lang='lat' dir='ltr'><strong>finem</strong></span> <span class='ocrx_word' id='word_1_68' title='bbox 817 1449 962 1512; x_wconf 85' lang='lat' dir='ltr'><strong>sectionis</strong></span> <span class='ocrx_word' id='word_1_69' title='bbox 986 1448 1107 1534; x_wconf 80' lang='lat' dir='ltr'><strong>egregie</strong></span> <span class='ocrx_word' id='word_1_70' title='bbox 1122 1448 1185 1510; x_wconf 90' lang='lat' dir='ltr'><strong>Do·</strong></span> 
     </span>
     <span class='ocr_line' id='line_1_10' title="bbox 95 1557 1183 1642; baseline -0.001 -20"><span class='ocrx_word' id='word_1_71' title='bbox 95 1558 183 1622; x_wconf 88' lang='lat' dir='ltr'><strong>breus</strong></span> <span class='ocrx_word' id='word_1_72' title='bbox 214 1560 354 1631; x_wconf 78' lang='grc' dir='ltr'><em>παθόντες</em></span> <span class='ocrx_word' id='word_1_73' title='bbox 387 1560 535 1642; x_wconf 82' lang='lat' dir='ltr'><strong>(Cobetus</strong></span> <span class='ocrx_word' id='word_1_74' title='bbox 563 1559 747 1642; x_wconf 80' lang='grc' dir='ltr'><em>πεπονθότες)</em></span> <span class='ocrx_word' id='word_1_75' title='bbox 771 1563 849 1635; x_wconf 78' lang='grc' dir='ltr'><em>ημῶν</em></span> <span class='ocrx_word' id='word_1_76' title='bbox 872 1562 900 1621; x_wconf 86' lang='grc' dir='ltr'><strong>τ’</strong></span> <span class='ocrx_word' id='word_1_77' title='bbox 923 1557 1032 1633; x_wconf 63' lang='lat' dir='ltr'><strong>anatra</strong></span> <span class='ocrx_word' id='word_1_78' title='bbox 1056 1558 1105 1621; x_wconf 76' lang='lat' dir='ltr'><strong>nai</strong></span> <span class='ocrx_word' id='word_1_79' title='bbox 1130 1566 1183 1632; x_wconf 73' lang='grc' dir='ltr'><strong>τῆς</strong></span> 
     </span>
     <span class='ocr_line' id='line_1_11' title="bbox 95 1668 213 1741; baseline 0.034 -11"><span class='ocrx_word' id='word_1_80' title='bbox 95 1668 213 1741; x_wconf 81' lang='grc' dir='ltr'><em>πόλεως.</em></span> 
     </span>
    </p>
   </div>
   <div class='ocr_carea' id='block_1_3' title="bbox 300 1900 965 1948">
    <p class='ocr_par' dir='ltr' id='par_1_4' title="bbox 300 1900 965 1948">
     <span class='ocr_line' id='line_1_12' title="bbox 300 1900 965 1948; baseline 0.006 -6"><span class='ocrx_word' id='word_1_81' title='bbox 300 1900 364 1942; x_wconf 82' lang='lat' dir='ltr'>XXI.</span> <span class='ocrx_word' id='word_1_82' title='bbox 395 1908 538 1948; x_wconf 75' lang='lat' dir='ltr'><strong>Anonorra</strong></span> <span class='ocrx_word' id='word_1_83' title='bbox 559 1906 741 1947; x_wconf 79' lang='grc' dir='ltr'><strong>ΔΩΡΟΔΟΚΙΑΣ</strong></span> <span class='ocrx_word' id='word_1_84' title='bbox 764 1906 965 1946; x_wconf 57' lang='lat' dir='ltr'><strong>Andraemon·</strong></span> 
     </span>
    </p>
   </div>
   <div class='ocr_carea' id='block_1_4' title="bbox 11 2104 1182 2527">
    <p class='ocr_par' dir='ltr' id='par_1_5' title="bbox 11 2104 1182 2527">
     <span class='ocr_line' id='line_1_13' title="bbox 139 2104 1179 2188; baseline -0.002 -20"><span class='ocrx_word' id='word_1_85' title='bbox 139 2104 237 2184; x_wconf 76' lang='lat' dir='ltr'><strong>Quale</strong></span> <span class='ocrx_word' id='word_1_86' title='bbox 268 2106 362 2170; x_wconf 83' lang='lat' dir='ltr'><strong>fucrit</strong></span> <span class='ocrx_word' id='word_1_87' title='bbox 391 2108 569 2172; x_wconf 85' lang='lat' dir='ltr'><strong>institutum</strong></span> <span class='ocrx_word' id='word_1_88' title='bbox 593 2114 648 2172; x_wconf 76' lang='grc' dir='ltr'><strong>τῶν</strong></span> <span class='ocrx_word' id='word_1_89' title='bbox 675 2109 802 2188; x_wconf 78' lang='grc' dir='ltr'><em>ζητητῶν</em></span> <span class='ocrx_word' id='word_1_90' title='bbox 827 2109 890 2170; x_wconf 74' lang='lat' dir='ltr'><strong>sive</strong></span> <span class='ocrx_word' id='word_1_91' title='bbox 914 2105 1123 2185; x_wconf 79' lang='lat' dir='ltr'><strong>Quaestorum</strong></span> <span class='ocrx_word' id='word_1_92' title='bbox 1147 2104 1179 2165; x_wconf 88' lang='lat' dir='ltr'><strong>fi-</strong></span> 
     </span>
     <span class='ocr_line' id='line_1_14' title="bbox 97 2212 1181 2301; baseline -0.001 -26"><span class='ocrx_word' id='word_1_93' title='bbox 97 2214 238 2292; x_wconf 87' lang='lat' dir='ltr'><strong>scalium,</strong></span> <span class='ocrx_word' id='word_1_94' title='bbox 272 2237 405 2299; x_wconf 87' lang='lat' dir='ltr'><strong>quorum</strong></span> <span class='ocrx_word' id='word_1_95' title='bbox 428 2217 460 2279; x_wconf 93' lang='lat' dir='ltr'><strong>in</strong></span> <span class='ocrx_word' id='word_1_96' title='bbox 484 2216 540 2279; x_wconf 88' lang='lat' dir='ltr'><strong>hac</strong></span> <span class='ocrx_word' id='word_1_97' title='bbox 568 2218 705 2280; x_wconf 85' lang='lat' dir='ltr'><strong>oratione</strong></span> <span class='ocrx_word' id='word_1_98' title='bbox 728 2219 745 2301; x_wconf 62' lang='lat' dir='ltr'><strong>d</strong></span> <span class='ocrx_word' id='word_1_99' title='bbox 771 2220 809 2279; x_wconf 84' lang='grc'><strong>16</strong></span> <span class='ocrx_word' id='word_1_100' title='bbox 835 2216 950 2280; x_wconf 90' lang='lat' dir='ltr'><strong>mentio</strong></span> <span class='ocrx_word' id='word_1_101' title='bbox 975 2223 1038 2290; x_wconf 84' lang='lat' dir='ltr'><strong>est,</strong></span> <span class='ocrx_word' id='word_1_102' title='bbox 1064 2212 1181 2296; x_wconf 90' lang='lat' dir='ltr'><strong>optime</strong></span> 
     </span>
     <span class='ocr_line' id='line_1_15' title="bbox 98 2321 1182 2410; baseline 0 -26"><span class='ocrx_word' id='word_1_103' title='bbox 98 2321 239 2386; x_wconf 84' lang='lat' dir='ltr'><strong>discimus</strong></span> <span class='ocrx_word' id='word_1_104' title='bbox 268 2346 304 2386; x_wconf 84' lang='lat' dir='ltr'><strong>ex</strong></span> <span class='ocrx_word' id='word_1_105' title='bbox 330 2324 556 2403; x_wconf 84' lang='lat' dir='ltr'><strong>Demosthene,</strong></span> <span class='ocrx_word' id='word_1_106' title='bbox 585 2328 617 2389; x_wconf 91' lang='lat' dir='ltr'><strong>in</strong></span> <span class='ocrx_word' id='word_1_107' title='bbox 640 2327 772 2389; x_wconf 79' lang='lat' dir='ltr'><strong>Timocr.</strong></span> <span class='ocrx_word' id='word_1_108' title='bbox 795 2329 812 2410; x_wconf 67' lang='lat' dir='ltr'><strong>d</strong></span> <span class='ocrx_word' id='word_1_109' title='bbox 838 2330 876 2389; x_wconf 88' lang='lat' dir='ltr'><strong>ll</strong></span> <span class='ocrx_word' id='word_1_110' title='bbox 902 2347 969 2409; x_wconf 86' lang='lat' dir='ltr'><strong>sqq.</strong></span> <span class='ocrx_word' id='word_1_111' title='bbox 994 2331 1024 2388; x_wconf 93' lang='lat' dir='ltr'><strong>et</strong></span> <span class='ocrx_word' id='word_1_112' title='bbox 1047 2321 1182 2386; x_wconf 85' lang='lat' dir='ltr'><strong>Bekheri</strong></span> 
     </span>
     <span class='ocr_line' id='line_1_16' title="bbox 11 2433 1180 2527; baseline 0.001 -32"><span class='ocrx_word' id='word_1_113' title='bbox 11 2522 13 2527; x_wconf 9' lang='grc' dir='ltr'><em>Α</em></span> <span class='ocrx_word' id='word_1_114' title='bbox 99 2433 231 2496; x_wconf 82' lang='lat' dir='ltr'><strong>Anecdd.</strong></span> <span class='ocrx_word' id='word_1_115' title='bbox 253 2433 279 2496; x_wconf 92' lang='lat' dir='ltr'><strong>I.</strong></span> <span class='ocrx_word' id='word_1_116' title='bbox 300 2457 330 2518; x_wconf 93' lang='lat' dir='ltr'><strong>p.</strong></span> <span class='ocrx_word' id='word_1_117' title='bbox 350 2438 413 2498; x_wconf 80' lang='lat'><strong>261</strong></span> <span class='ocrx_word' id='word_1_118' title='bbox 428 2435 448 2499; x_wconf 89' lang='lat' dir='ltr'><strong>i.</strong></span> <span class='ocrx_word' id='word_1_119' title='bbox 460 2457 485 2499; x_wconf 91' lang='lat' dir='ltr'><strong>v.</strong></span> <span class='ocrx_word' id='word_1_120' title='bbox 503 2437 650 2511; x_wconf 85' lang='grc' dir='ltr'><em>Ζητηταό·</em></span> <span class='ocrx_word' id='word_1_121' title='bbox 670 2438 749 2517; x_wconf 74' lang='grc' dir='ltr'><em>ἀρχό</em></span> <span class='ocrx_word' id='word_1_122' title='bbox 768 2461 811 2508; x_wconf 73' lang='grc' dir='ltr'><strong>τις</strong></span> <span class='ocrx_word' id='word_1_123' title='bbox 831 2434 978 2510; x_wconf 78' lang='grc' dir='ltr'><em>Ἀθήνησίν</em></span> <span class='ocrx_word' id='word_1_124' title='bbox 997 2436 1077 2507; x_wconf 88' lang='grc' dir='ltr'><em>εὀτι,</em></span> <span class='ocrx_word' id='word_1_125' title='bbox 1099 2434 1180 2497; x_wconf 73' lang='grc' dir='ltr'><em>κατὰ</em></span> 
     </span>
    </p>
   </div>
   <div class='ocr_carea' id='block_1_5' title="bbox 98 2542 1201 4510">
    <p class='ocr_par' dir='ltr' id='par_1_6' title="bbox 98 2542 1201 4510">
     <span class='ocr_line' id='line_1_17' title="bbox 99 2542 1181 2628; baseline 0.002 -23"><span class='ocrx_word' id='word_1_126' title='bbox 99 2545 205 2623; x_wconf 87' lang='grc' dir='ltr'><em>καιροὺς</em></span> <span class='ocrx_word' id='word_1_127' title='bbox 233 2547 449 2624; x_wconf 75' lang='grc' dir='ltr'><em>καθισταμένη,</em></span> <span class='ocrx_word' id='word_1_128' title='bbox 479 2547 547 2626; x_wconf 79' lang='grc' dir='ltr'><em>πρὸς</em></span> <span class='ocrx_word' id='word_1_129' title='bbox 571 2544 602 2622; x_wconf 73' lang='grc' dir='ltr'><strong>ἣν</strong></span> <span class='ocrx_word' id='word_1_130' title='bbox 625 2548 777 2624; x_wconf 83' lang='grc' dir='ltr'><em>ε’μηνθοντο</em></span> <span class='ocrx_word' id='word_1_131' title='bbox 801 2550 825 2612; x_wconf 81' lang='grc' dir='ltr'><strong>οἱ</strong></span> <span class='ocrx_word' id='word_1_132' title='bbox 848 2546 1013 2628; x_wconf 79' lang='grc' dir='ltr'><em>όφεόλοντες</em></span> <span class='ocrx_word' id='word_1_133' title='bbox 1037 2553 1074 2626; x_wconf 70' lang='grc' dir='ltr'><strong>τῇ</strong></span> <span class='ocrx_word' id='word_1_134' title='bbox 1098 2542 1181 2609; x_wconf 84' lang='grc' dir='ltr'><em>πόλει</em></span> 
     </span>
     <span class='ocr_line' id='line_1_18' title="bbox 98 2656 1201 2742; baseline -0.001 -22"><span class='ocrx_word' id='word_1_135' title='bbox 98 2657 240 2734; x_wconf 74' lang='grc' dir='ltr'><em>χρήματα</em></span> <span class='ocrx_word' id='word_1_136' title='bbox 270 2658 318 2721; x_wconf 77' lang='grc' dir='ltr'><strong>καὶ</strong></span> <span class='ocrx_word' id='word_1_137' title='bbox 346 2660 389 2735; x_wconf 78' lang='grc' dir='ltr'><strong>μη</strong></span> <span class='ocrx_word' id='word_1_138' title='bbox 412 2658 593 2730; x_wconf 68' lang='grc' dir='ltr'><em>ἀποδιδόντες</em></span> <span class='ocrx_word' id='word_1_139' title='bbox 618 2659 840 2742; x_wconf 69' lang='grc' dir='ltr'><em>(ἀποδεδωκότες</em></span> <span class='ocrx_word' id='word_1_140' title='bbox 864 2657 996 2720; x_wconf 87' lang='lat' dir='ltr'><strong>Photius</strong></span> <span class='ocrx_word' id='word_1_141' title='bbox 1020 2656 1052 2719; x_wconf 91' lang='lat' dir='ltr'><strong>in</strong></span> <span class='ocrx_word' id='word_1_142' title='bbox 1076 2679 1103 2718; x_wconf 91' lang='lat' dir='ltr'><strong>v.</strong></span> <span class='ocrx_word' id='word_1_143' title='bbox 1125 2667 1201 2729; x_wconf 74' lang='grc' dir='ltr'><em>Ζη-,</em></span> 
     </span>
     <span class='ocr_line' id='line_1_19' title="bbox 98 2764 1183 2855; baseline -0.002 -26"><span class='ocrx_word' id='word_1_144' title='bbox 98 2769 182 2839; x_wconf 85' lang='grc' dir='ltr'><em>τηταό</em></span> <span class='ocrx_word' id='word_1_145' title='bbox 204 2769 237 2832; x_wconf 92' lang='lat' dir='ltr'><strong>in</strong></span> <span class='ocrx_word' id='word_1_146' title='bbox 260 2769 387 2853; x_wconf 84' lang='lat' dir='ltr'><strong>reliquis</strong></span> <span class='ocrx_word' id='word_1_147' title='bbox 411 2771 622 2847; x_wconf 87' lang='lat' dir='ltr'><strong>consentiens;</strong></span> <span class='ocrx_word' id='word_1_148' title='bbox 647 2771 684 2834; x_wconf 89' lang='lat' dir='ltr'><strong>cf.</strong></span> <span class='ocrx_word' id='word_1_149' title='bbox 709 2770 805 2855; x_wconf 85' lang='lat' dir='ltr'><strong>Harp.</strong></span> <span class='ocrx_word' id='word_1_150' title='bbox 830 2770 863 2833; x_wconf 88' lang='lat' dir='ltr'><strong>in</strong></span> <span class='ocrx_word' id='word_1_151' title='bbox 886 2768 1040 2851; x_wconf 79' lang='grc' dir='ltr'><em>Ζητητθς).</em></span> <span class='ocrx_word' id='word_1_152' title='bbox 1088 2764 1183 2849; x_wconf 82' lang='lat' dir='ltr'><strong>Apud</strong></span> 
     </span>
     <span class='ocr_line' id='line_1_20' title="bbox 99 2873 1184 2960; baseline 0.001 -23"><span class='ocrx_word' id='word_1_153' title='bbox 99 2873 336 2944; x_wconf 80' lang='lat' dir='ltr'><strong>Demosthenem</strong></span> <span class='ocrx_word' id='word_1_154' title='bbox 358 2880 544 2960; x_wconf 78' lang='lat' dir='ltr'><strong>Quaestores</strong></span> <span class='ocrx_word' id='word_1_155' title='bbox 569 2883 685 2946; x_wconf 81' lang='lat' dir='ltr'><strong>crimen</strong></span> <span class='ocrx_word' id='word_1_156' title='bbox 708 2882 930 2946; x_wconf 79' lang='lat' dir='ltr'><strong>denunciatum</strong></span> <span class='ocrx_word' id='word_1_157' title='bbox 954 2880 1014 2944; x_wconf 88' lang='lat' dir='ltr'><strong>sibi</strong></span> <span class='ocrx_word' id='word_1_158' title='bbox 1037 2878 1076 2942; x_wconf 86' lang='lat' dir='ltr'><strong>ad</strong></span> <span class='ocrx_word' id='word_1_159' title='bbox 1100 2899 1184 2939; x_wconf 88' lang='lat' dir='ltr'><strong>sena·</strong></span> 
     </span>
     <span class='ocr_line' id='line_1_21' title="bbox 99 2986 1183 3077; baseline -0.002 -27"><span class='ocrx_word' id='word_1_160' title='bbox 99 2990 161 3050; x_wconf 82' lang='lat' dir='ltr'><strong>tum</strong></span> <span class='ocrx_word' id='word_1_161' title='bbox 191 2988 351 3067; x_wconf 86' lang='lat' dir='ltr'><strong>deferunt,</strong></span> <span class='ocrx_word' id='word_1_162' title='bbox 384 3014 402 3054; x_wconf 88' lang='lat' dir='ltr'><strong>a</strong></span> <span class='ocrx_word' id='word_1_163' title='bbox 433 3014 495 3076; x_wconf 93' lang='lat' dir='ltr'><strong>quo</strong></span> <span class='ocrx_word' id='word_1_164' title='bbox 522 2993 604 3056; x_wconf 87' lang='lat' dir='ltr'><strong>facto</strong></span> <span class='ocrx_word' id='word_1_165' title='bbox 634 2992 867 3077; x_wconf 89' lang='lat' dir='ltr'><strong>probulcumate</strong></span> <span class='ocrx_word' id='word_1_166' title='bbox 898 3013 945 3053; x_wconf 84' lang='lat' dir='ltr'><strong>res</strong></span> <span class='ocrx_word' id='word_1_167' title='bbox 970 2989 1007 3053; x_wconf 88' lang='lat' dir='ltr'><strong>ad</strong></span> <span class='ocrx_word' id='word_1_168' title='bbox 1032 2986 1183 3073; x_wconf 88' lang='lat' dir='ltr'><strong>populum</strong></span> 
     </span>
     <span class='ocr_line' id='line_1_22' title="bbox 99 3098 1184 3185; baseline 0.005 -27"><span class='ocrx_word' id='word_1_169' title='bbox 99 3100 248 3177; x_wconf 84' lang='lat' dir='ltr'><strong>reiicitur;</strong></span> <span class='ocrx_word' id='word_1_170' title='bbox 273 3108 374 3166; x_wconf 88' lang='lat' dir='ltr'><strong>tamen</strong></span> <span class='ocrx_word' id='word_1_171' title='bbox 400 3102 574 3165; x_wconf 76' lang='lat' dir='ltr'><strong>mnandum</strong></span> <span class='ocrx_word' id='word_1_172' title='bbox 596 3124 659 3165; x_wconf 91' lang='lat' dir='ltr'><strong>non</strong></span> <span class='ocrx_word' id='word_1_173' title='bbox 683 3108 729 3165; x_wconf 88' lang='lat' dir='ltr'><strong>est</strong></span> <span class='ocrx_word' id='word_1_174' title='bbox 752 3102 779 3163; x_wconf 88' lang='lat' dir='ltr'><strong>si</strong></span> <span class='ocrx_word' id='word_1_175' title='bbox 801 3102 834 3164; x_wconf 91' lang='lat' dir='ltr'><strong>in</strong></span> <span class='ocrx_word' id='word_1_176' title='bbox 850 3122 943 3164; x_wconf 91' lang='lat' dir='ltr'><strong>causa</strong></span> <span class='ocrx_word' id='word_1_177' title='bbox 957 3099 1087 3185; x_wconf 81' lang='lat' dir='ltr'><strong>Lysiaca</strong></span> <span class='ocrx_word' id='word_1_178' title='bbox 1101 3098 1184 3163; x_wconf 90' lang='lat' dir='ltr'><strong>idem</strong></span> 
     </span>
     <span class='ocr_line' id='line_1_23' title="bbox 99 3206 1184 3296; baseline 0.004 -27"><span class='ocrx_word' id='word_1_179' title='bbox 99 3206 210 3273; x_wconf 88' lang='lat' dir='ltr'><strong>factum</strong></span> <span class='ocrx_word' id='word_1_180' title='bbox 240 3233 304 3274; x_wconf 91' lang='lat' dir='ltr'><strong>non</strong></span> <span class='ocrx_word' id='word_1_181' title='bbox 336 3213 385 3275; x_wconf 91' lang='lat' dir='ltr'><strong>sit.</strong></span> <span class='ocrx_word' id='word_1_182' title='bbox 432 3210 543 3296; x_wconf 88' lang='lat' dir='ltr'><strong>Neque</strong></span> <span class='ocrx_word' id='word_1_183' title='bbox 575 3212 655 3275; x_wconf 88' lang='lat' dir='ltr'><strong>cuim</strong></span> <span class='ocrx_word' id='word_1_184' title='bbox 686 3212 899 3295; x_wconf 85' lang='lat' dir='ltr'><strong>magistratum</strong></span> <span class='ocrx_word' id='word_1_185' title='bbox 931 3216 1016 3274; x_wconf 86' lang='lat' dir='ltr'><strong>extra</strong></span> <span class='ocrx_word' id='word_1_186' title='bbox 1046 3209 1184 3290; x_wconf 88' lang='lat' dir='ltr'><strong>ordinem</strong></span> 
     </span>
     <span class='ocr_line' id='line_1_24' title="bbox 100 3317 1186 3405; baseline 0.004 -26"><span class='ocrx_word' id='word_1_187' title='bbox 100 3317 275 3384; x_wconf 89' lang='lat' dir='ltr'><strong>institutum</strong></span> <span class='ocrx_word' id='word_1_188' title='bbox 299 3344 418 3405; x_wconf 85' lang='lat' dir='ltr'><strong>semper</strong></span> <span class='ocrx_word' id='word_1_189' title='bbox 441 3322 569 3387; x_wconf 86' lang='lat' dir='ltr'><strong>eandem</strong></span> <span class='ocrx_word' id='word_1_190' title='bbox 592 3322 720 3385; x_wconf 81' lang='lat' dir='ltr'><strong>formam</strong></span> <span class='ocrx_word' id='word_1_191' title='bbox 743 3321 852 3386; x_wconf 87' lang='lat' dir='ltr'><strong>iudicii</strong></span> <span class='ocrx_word' id='word_1_192' title='bbox 875 3328 1016 3386; x_wconf 85' lang='lat' dir='ltr'><strong>secutum</strong></span> <span class='ocrx_word' id='word_1_193' title='bbox 1036 3343 1101 3384; x_wconf 89' lang='lat' dir='ltr'><strong>esse</strong></span> <span class='ocrx_word' id='word_1_194' title='bbox 1117 3343 1186 3405; x_wconf 79' lang='lat' dir='ltr'><strong>pro</strong></span> 
     </span>
     <span class='ocr_line' id='line_1_25' title="bbox 100 3426 1185 3514; baseline 0.004 -24"><span class='ocrx_word' id='word_1_195' title='bbox 100 3426 196 3493; x_wconf 87' lang='lat' dir='ltr'><strong>babile</strong></span> <span class='ocrx_word' id='word_1_196' title='bbox 219 3440 281 3509; x_wconf 90' lang='lat' dir='ltr'><strong>est,</strong></span> <span class='ocrx_word' id='word_1_197' title='bbox 308 3438 338 3495; x_wconf 91' lang='lat' dir='ltr'><strong>et</strong></span> <span class='ocrx_word' id='word_1_198' title='bbox 361 3434 569 3497; x_wconf 80' lang='lat' dir='ltr'><strong>accusationes</strong></span> <span class='ocrx_word' id='word_1_199' title='bbox 592 3436 722 3496; x_wconf 88' lang='lat' dir='ltr'><strong>interae</strong></span> <span class='ocrx_word' id='word_1_200' title='bbox 738 3433 812 3496; x_wconf 88' lang='lat' dir='ltr'><strong>satis</strong></span> <span class='ocrx_word' id='word_1_201' title='bbox 829 3432 965 3495; x_wconf 84' lang='lat' dir='ltr'><strong>diversae</strong></span> <span class='ocrx_word' id='word_1_202' title='bbox 982 3439 1071 3509; x_wconf 87' lang='lat' dir='ltr'><strong>sunt,</strong></span> <span class='ocrx_word' id='word_1_203' title='bbox 1089 3454 1185 3514; x_wconf 90' lang='lat' dir='ltr'><strong>quum</strong></span> 
     </span>
     <span class='ocr_line' id='line_1_26' title="bbox 102 3541 1187 3627; baseline 0.003 -27"><span class='ocrx_word' id='word_1_204' title='bbox 102 3541 178 3622; x_wconf 86' lang='lat' dir='ltr'><strong>apud</strong></span> <span class='ocrx_word' id='word_1_205' title='bbox 210 3542 450 3606; x_wconf 88' lang='lat' dir='ltr'><strong>Demosthenem</strong></span> <span class='ocrx_word' id='word_1_206' title='bbox 477 3565 531 3627; x_wconf 88' lang='lat' dir='ltr'><strong>per</strong></span> <span class='ocrx_word' id='word_1_207' title='bbox 554 3541 779 3627; x_wconf 84' lang='lat' dir='ltr'><strong>praeiudicium</strong></span> <span class='ocrx_word' id='word_1_208' title='bbox 802 3541 957 3625; x_wconf 82' lang='lat' dir='ltr'><strong>quoddam</strong></span> <span class='ocrx_word' id='word_1_209' title='bbox 980 3543 1008 3625; x_wconf 62' lang='lat' dir='ltr'><strong>(q</strong></span> <span class='ocrx_word' id='word_1_210' title='bbox 1033 3543 1089 3602; x_wconf 71' lang='lat' dir='ltr'><strong>lt:</strong></span> <span class='ocrx_word' id='word_1_211' title='bbox 1114 3541 1187 3603; x_wconf 75' lang='grc' dir='ltr'><em>ατε·</em></span> 
     </span>
     <span class='ocr_line' id='line_1_27' title="bbox 101 3648 1186 3735; baseline -0.001 -23"><span class='ocrx_word' id='word_1_212' title='bbox 101 3653 307 3729; x_wconf 77' lang='grc' dir='ltr'><em>χειροτονησαθ</em></span> <span class='ocrx_word' id='word_1_213' title='bbox 338 3654 419 3728; x_wconf 79' lang='grc' dir='ltr'><em>ὑμεῖς</em></span> <span class='ocrx_word' id='word_1_214' title='bbox 452 3655 495 3731; x_wconf 76' lang='grc' dir='ltr'><strong>μη</strong></span> <span class='ocrx_word' id='word_1_215' title='bbox 525 3654 615 3732; x_wconf 80' lang='grc' dir='ltr'><em>Φόλια</em></span> <span class='ocrx_word' id='word_1_216' title='bbox 646 3648 730 3735; x_wconf 81' lang='grc' dir='ltr'><em>εἶναι)</em></span> <span class='ocrx_word' id='word_1_217' title='bbox 763 3652 918 3716; x_wconf 87' lang='lat' dir='ltr'><strong>dubitatio</strong></span> <span class='ocrx_word' id='word_1_218' title='bbox 946 3651 1084 3734; x_wconf 85' lang='lat' dir='ltr'><strong>praecisa</strong></span> <span class='ocrx_word' id='word_1_219' title='bbox 1107 3656 1186 3712; x_wconf 84' lang='lat' dir='ltr'><strong>esset</strong></span> 
     </span>
     <span class='ocr_line' id='line_1_28' title="bbox 102 3760 1186 3848; baseline 0.002 -27"><span class='ocrx_word' id='word_1_220' title='bbox 102 3765 130 3820; x_wconf 91' lang='lat' dir='ltr'><strong>et</strong></span> <span class='ocrx_word' id='word_1_221' title='bbox 152 3762 327 3844; x_wconf 87' lang='lat' dir='ltr'><strong>peculatum</strong></span> <span class='ocrx_word' id='word_1_222' title='bbox 350 3764 466 3827; x_wconf 83' lang='lat' dir='ltr'><strong>factum</strong></span> <span class='ocrx_word' id='word_1_223' title='bbox 489 3787 554 3828; x_wconf 87' lang='lat' dir='ltr'><strong>esse</strong></span> <span class='ocrx_word' id='word_1_224' title='bbox 577 3771 747 3841; x_wconf 85' lang='lat' dir='ltr'><strong>constaret,</strong></span> <span class='ocrx_word' id='word_1_225' title='bbox 774 3762 855 3848; x_wconf 88' lang='lat' dir='ltr'><strong>apud</strong></span> <span class='ocrx_word' id='word_1_226' title='bbox 872 3762 996 3847; x_wconf 85' lang='lat' dir='ltr'><strong>Lysiam</strong></span> <span class='ocrx_word' id='word_1_227' title='bbox 1012 3784 1082 3825; x_wconf 88' lang='lat' dir='ltr'><strong>reus</strong></span> <span class='ocrx_word' id='word_1_228' title='bbox 1095 3760 1186 3845; x_wconf 87' lang='lat' dir='ltr'><strong>plane</strong></span> 
     </span>
     <span class='ocr_line' id='line_1_29' title="bbox 102 3871 1185 3959; baseline 0.002 -28"><span class='ocrx_word' id='word_1_229' title='bbox 102 3873 256 3950; x_wconf 89' lang='lat' dir='ltr'><strong>pecuniam</strong></span> <span class='ocrx_word' id='word_1_230' title='bbox 280 3875 397 3937; x_wconf 83' lang='lat' dir='ltr'><strong>aerario</strong></span> <span class='ocrx_word' id='word_1_231' title='bbox 421 3873 625 3938; x_wconf 86' lang='lat' dir='ltr'><strong>substractam</strong></span> <span class='ocrx_word' id='word_1_232' title='bbox 646 3875 739 3938; x_wconf 85' lang='lat' dir='ltr'><strong>fuisse</strong></span> <span class='ocrx_word' id='word_1_233' title='bbox 755 3881 856 3959; x_wconf 88' lang='lat' dir='ltr'><strong>neget.</strong></span> <span class='ocrx_word' id='word_1_234' title='bbox 893 3872 994 3936; x_wconf 83' lang='lat' dir='ltr'><strong>Causa</strong></span> <span class='ocrx_word' id='word_1_235' title='bbox 1020 3871 1123 3956; x_wconf 87' lang='lat' dir='ltr'><strong>agitur</strong></span> <span class='ocrx_word' id='word_1_236' title='bbox 1153 3871 1185 3933; x_wconf 93' lang='lat' dir='ltr'><strong>in</strong></span> 
     </span>
     <span class='ocr_line' id='line_1_30' title="bbox 102 3979 1186 4069; baseline 0.005 -29"><span class='ocrx_word' id='word_1_237' title='bbox 102 3979 186 4044; x_wconf 89' lang='lat' dir='ltr'><strong>solito</strong></span> <span class='ocrx_word' id='word_1_238' title='bbox 217 3983 333 4046; x_wconf 88' lang='lat' dir='ltr'><strong>indicio</strong></span> <span class='ocrx_word' id='word_1_239' title='bbox 366 3982 476 4065; x_wconf 76' lang='grc' dir='ltr'><em>(ἄνδρες</em></span> <span class='ocrx_word' id='word_1_240' title='bbox 501 3985 677 4069; x_wconf 72' lang='grc' dir='ltr'><em>δικασταίᾷ</em></span> <span class='ocrx_word' id='word_1_241' title='bbox 703 3988 731 4067; x_wconf 82' lang='grc'><strong>1)</strong></span> <span class='ocrx_word' id='word_1_242' title='bbox 756 4007 818 4048; x_wconf 91' lang='lat' dir='ltr'><strong>non</strong></span> <span class='ocrx_word' id='word_1_243' title='bbox 841 3985 873 4048; x_wconf 93' lang='lat' dir='ltr'><strong>in</strong></span> <span class='ocrx_word' id='word_1_244' title='bbox 896 3983 1045 4064; x_wconf 69' lang='grc' dir='ltr'><em>ἐκκλησίην.</em></span> <span class='ocrx_word' id='word_1_245' title='bbox 1090 3984 1186 4046; x_wconf 83' lang='lat' dir='ltr'><strong>Acau-</strong></span> 
     </span>
     <span class='ocr_line' id='line_1_31' title="bbox 103 4092 1183 4177; baseline 0.003 -27"><span class='ocrx_word' id='word_1_246' title='bbox 103 4097 167 4153; x_wconf 85' lang='lat' dir='ltr'><strong>sant</strong></span> <span class='ocrx_word' id='word_1_247' title='bbox 194 4093 285 4156; x_wconf 87' lang='lat' dir='ltr'><strong>iidem</strong></span> <span class='ocrx_word' id='word_1_248' title='bbox 317 4094 371 4177; x_wconf 87' lang='lat' dir='ltr'><strong>qni</strong></span> <span class='ocrx_word' id='word_1_249' title='bbox 402 4116 488 4158; x_wconf 87' lang='lat' dir='ltr'><strong>reum</strong></span> <span class='ocrx_word' id='word_1_250' title='bbox 519 4094 743 4174; x_wconf 78' lang='lat' dir='ltr'><strong>Quaestonibus</strong></span> <span class='ocrx_word' id='word_1_251' title='bbox 774 4095 1038 4158; x_wconf 80' lang='lat' dir='ltr'><strong>denunciaverunt</strong></span> <span class='ocrx_word' id='word_1_252' title='bbox 1061 4093 1088 4176; x_wconf 64' lang='lat' dir='ltr'><strong>(d</strong></span> <span class='ocrx_word' id='word_1_253' title='bbox 1112 4092 1183 4174; x_wconf 78' lang='lat'>20);</span> 
     </span>
     <span class='ocr_line' id='line_1_32' title="bbox 104 4196 1184 4290; baseline 0.003 -30"><span class='ocrx_word' id='word_1_254' title='bbox 104 4196 207 4264; x_wconf 86' lang='lat' dir='ltr'><strong>horum</strong></span> <span class='ocrx_word' id='word_1_255' title='bbox 236 4224 329 4287; x_wconf 86' lang='lat' dir='ltr'><strong>opera</strong></span> <span class='ocrx_word' id='word_1_256' title='bbox 362 4227 425 4267; x_wconf 93' lang='lat' dir='ltr'><strong>non</strong></span> <span class='ocrx_word' id='word_1_257' title='bbox 460 4204 543 4268; x_wconf 89' lang='lat' dir='ltr'><strong>ultra</strong></span> <span class='ocrx_word' id='word_1_258' title='bbox 576 4206 757 4290; x_wconf 87' lang='lat' dir='ltr'><strong>processisse</strong></span> <span class='ocrx_word' id='word_1_259' title='bbox 787 4205 909 4268; x_wconf 89' lang='lat' dir='ltr'><strong>videtur</strong></span> <span class='ocrx_word' id='word_1_260' title='bbox 940 4225 1031 4286; x_wconf 88' lang='lat' dir='ltr'><strong>quam</strong></span> <span class='ocrx_word' id='word_1_261' title='bbox 1061 4208 1184 4265; x_wconf 87' lang='lat' dir='ltr'><strong>utrem</strong></span> 
     </span>
     <span class='ocr_line' id='line_1_33' title="bbox 103 4312 1183 4396; baseline 0.001 -23"><span class='ocrx_word' id='word_1_262' title='bbox 103 4313 271 4375; x_wconf 87' lang='lat' dir='ltr'><strong>summatim</strong></span> <span class='ocrx_word' id='word_1_263' title='bbox 287 4314 443 4396; x_wconf 85' lang='lat' dir='ltr'><strong>cognitam</strong></span> <span class='ocrx_word' id='word_1_264' title='bbox 467 4315 506 4378; x_wconf 89' lang='lat' dir='ltr'><strong>ad</strong></span> <span class='ocrx_word' id='word_1_265' title='bbox 528 4315 678 4380; x_wconf 87' lang='lat' dir='ltr'><strong>iudicium</strong></span> <span class='ocrx_word' id='word_1_266' title='bbox 702 4316 865 4380; x_wconf 81' lang='lat' dir='ltr'><strong>deferrent.</strong></span> <span class='ocrx_word' id='word_1_267' title='bbox 901 4313 1012 4396; x_wconf 88' lang='lat' dir='ltr'><strong>Neque</strong></span> <span class='ocrx_word' id='word_1_268' title='bbox 1033 4312 1115 4376; x_wconf 91' lang='lat' dir='ltr'><strong>enim</strong></span> <span class='ocrx_word' id='word_1_269' title='bbox 1134 4312 1183 4374; x_wconf 90' lang='lat' dir='ltr'><strong>ius</strong></span> 
     </span>
     <span class='ocr_line' id='line_1_34' title="bbox 104 4404 1184 4510; baseline 0.003 -30"><span class='ocrx_word' id='word_1_270' title='bbox 104 4416 195 4484; x_wconf 86' lang='lat' dir='ltr'><strong>dicere</strong></span> <span class='ocrx_word' id='word_1_271' title='bbox 217 4445 317 4506; x_wconf 87' lang='lat' dir='ltr'><strong>neque</strong></span> <span class='ocrx_word' id='word_1_272' title='bbox 338 4444 480 4488; x_wconf 85' lang='lat' dir='ltr'><strong>accusare</strong></span> <span class='ocrx_word' id='word_1_273' title='bbox 499 4426 558 4510; x_wconf 86' lang='lat' dir='ltr'><strong>ipsi</strong></span> <span class='ocrx_word' id='word_1_274' title='bbox 577 4404 734 4504; x_wconf 84' lang='lat' dir='ltr'><strong>solebant,</strong></span> <span class='ocrx_word' id='word_1_275' title='bbox 751 4432 788 4490; x_wconf 92' lang='lat' dir='ltr'><strong>ut</strong></span> <span class='ocrx_word' id='word_1_276' title='bbox 808 4447 844 4488; x_wconf 83' lang='lat' dir='ltr'><strong>ex</strong></span> <span class='ocrx_word' id='word_1_277' title='bbox 863 4422 1070 4488; x_wconf 88' lang='lat' dir='ltr'><strong>Demosthene</strong></span> <span class='ocrx_word' id='word_1_278' title='bbox 1089 4419 1184 4507; x_wconf 81' lang='lat' dir='ltr'><strong>(apud</strong></span> 
     </span>
    </p>
   </div>
   <div class='ocr_carea' id='block_1_6' title="bbox 0 0 1488 5238">
    <p class='ocr_par' dir='ltr' id='par_1_7' title="bbox 0 0 1488 5238">
     <span class='ocr_line' id='line_1_35' title="bbox 0 0 1488 5238; baseline 0 0"><span class='ocrx_word' id='word_1_279' title='bbox 0 0 1488 5238; x_wconf 95' lang='lat' dir='ltr'><strong> </strong></span> 
     </span>
    </p>
   </div>
  </div>
 </body>
</html>
