2958 5238
816 490 877 552 124

383 712 476 756 XVIII.
508 720 569 757 ΠΕΡΙ
585 721 757 759 ΔΗΜΕΤΣΕΩΣ
771 722 832 759 ΤΩΝ
849 723 903 760 Tor
917 722 1017 761 error
1032 725 1158 761 ΑΔΕΛΦΟΤ
1173 720 1321 760 ΕΠΙΛΟΓΟΣ.

350 904 497 968 Eucrates
527 904 635 970 Niciae
664 906 758 969 frater
784 906 841 971 sub
864 926 928 970 xxx
951 907 1023 971 viris
1048 907 1269 972 condemnatus
1295 904 1389 968 fuerat

306 1026 340 1079 et
358 1015 545 1081 interfectus.
591 1017 681 1081 Brevi
710 1025 779 1101 post
810 1018 874 1082 eius
903 1026 1031 1083 mortem
1054 1021 1182 1103 triginta
1204 1017 1242 1081 de
1266 1016 1387 1081 civitate

305 1128 435 1206 sublati,
460 1151 548 1213 opem
571 1130 685 1194 ferente
701 1130 870 1208 Pausania,
887 1130 1198 1196 Lacedaemoniorum
1215 1151 1306 1214 rege,
1323 1131 1388 1187 ante

306 1240 393 1304 cuius
427 1262 526 1325 genua
559 1240 733 1325 Diognetus
765 1241 893 1326 supplex
923 1241 1021 1306 filium
1051 1242 1208 1325 Encratis,
1233 1240 1289 1325 qui
1312 1257 1388 1301 nuuc

306 1352 473 1415 orationem
504 1334 611 1429 habet,
640 1375 770 1437 puerum
793 1353 967 1430 etiamtum,
993 1354 1208 1427 constituerat,
1233 1358 1270 1415 ut
1294 1369 1388 1414 recen·

306 1462 345 1524 tis
377 1462 496 1526 sceleris
528 1462 713 1541 documento
744 1462 1055 1528 Lacedaemoniorum
1086 1486 1174 1548 opem
1204 1470 1314 1526 contra
1342 1457 1389 1520 oli·

305 1573 433 1659 garchos
464 1574 629 1638 obtineret.
676 1573 831 1639 Libertate
866 1575 1008 1640 restituta
1038 1574 1108 1638 filiis
1139 1573 1283 1638 Euoratis
1315 1570 1387 1635 bona

307 1692 433 1769 paterna
456 1691 510 1749 aut
532 1685 638 1749 relicta
661 1693 714 1749 aut
737 1685 866 1751 reddita.
913 1684 986 1750 Non
1009 1687 1053 1750 ita
1075 1685 1173 1749 multo
1197 1692 1269 1769 post
1293 1690 1386 1747 tamen

307 1795 492 1860 aPoliocho
516 1796 689 1887 psephisma
711 1799 903 1881 propositum
926 1798 1019 1861 fuisse
1038 1797 1175 1874 videtur,
1198 1818 1278 1881 quo,
1300 1796 1386 1858 incer·

307 1914 374 1970 tum
411 1928 485 1991 quo,
510 1913 687 1991 praetextu,
725 1906 937 1972 damnatorum
968 1908 1063 1985 bona,
1096 1930 1173 1993 quae
1204 1907 1312 1970 civitas
1339 1909 1387 1966 aut

308 2017 501 2103 possederat,
526 2024 579 2081 aut
602 2018 769 2104 reliquerat
791 2020 823 2083 in
847 2021 1037 2106 possessione
1060 2019 1225 2084 liberorum
1241 2019 1314 2082 fisco
1330 2015 1386 2078 vin·

308 2127 498 2194 dicabantur.
547 2127 607 2193 Sed
626 2137 731 2214 γραφῇ
754 2132 927 2213 παρανόμων
951 2141 1110 2195 accusatus
1133 2129 1301 2193 Poliochus
1324 2147 1385 2190 cum

309 2262 400 2304 causa
422 2234 595 2320 cecidisset,
619 2243 702 2308 mille
725 2243 877 2307 drachmis
894 2243 1043 2307 multatus
1060 2250 1105 2306 est
1120 2243 1148 2327 (ξ
1167 2244 1206 2305 14
1215 2290 1225 2319 ,
1242 2241 1298 2305 ubi
1313 2259 1386 2304 nunc

308 2359 388 2416 recte
418 2352 598 2434 ἐζημιώσατε
629 2356 764 2441 legitur).
812 2354 881 2419 Hoc
913 2354 1061 2418 iudicium
1092 2352 1209 2417 dudum
1241 2352 1385 2417 oblivione

249 2458 252 2462 ⁵
310 2485 448 2546 pressum
472 2489 536 2531 esse
559 2477 643 2532 retus
666 2466 849 2545 Poliochus,
874 2467 992 2552 aliquot
1014 2472 1085 2551 post
1107 2465 1211 2548 anniS,
1236 2486 1332 2550 quum
1345 2462 1385 2525 in·

310 2575 399 2638 terim
418 2575 621 2643 adolevissent
643 2579 699 2643 filii
721 2578 861 2643 Eucratis
886 2587 916 2643 et
938 2601 986 2642 res
1010 2577 1097 2642 nobis
1120 2578 1243 2661 ignotae
1266 2575 1383 2638 fortasse

308 2687 465 2752 meliorem
488 2712 663 2754 successum
686 2692 915 2776 promitterent,
940 2690 1091 2754 actionem
1114 2688 1251 2753 instituit
1273 2688 1306 2750 iu
1328 2684 1383 2748 Eu·

311 2799 402 2865 oratis
425 2799 514 2864 filios.
561 2800 608 2866 Ex
639 2801 750 2887 quibus
783 2802 859 2865 alter
888 2801 944 2865 hac
974 2801 1111 2864 oratione
1133 2800 1226 2885 petit,
1251 2821 1290 2862 ne
1312 2797 1382 2862 bona

312 2933 368 2975 sua
390 2911 594 2996 publicentur.
634 2912 722 2994 Quae
738 2919 918 2999 argumenta
933 2912 1098 2977 Poliochus
1115 2911 1153 2975 ad
1169 2933 1290 2975 causam
1306 2927 1379 2972 suam

312 3022 499 3108 probandam
530 3025 667 3091 attulerit
697 3048 758 3089 uon
782 3025 944 3102 discimus;
968 3025 1050 3088 iusta
1074 3024 1154 3087 euim
1178 3045 1286 3087 causae
1309 3038 1381 3084 enar·

311 3136 390 3199 ratio
421 3135 609 3200 desideratur
641 3145 671 3201 et
700 3138 802 3222 potius
825 3136 864 3200 ad
886 3135 1044 3221 publicum
1067 3134 1259 3199 commodum
1283 3140 1313 3196 et
1332 3149 1382 3193 me

311 3247 371 3311 rita
393 3248 488 3339 patris
511 3249 674 3333 patruique
697 3271 789 3334 quam
812 3248 921 3312 adius
945 3254 1089 3333 provocat
1112 3228 1222 3310 orator.
1262 3242 1320 3307 Sed
1341 3261 1383 3323 ap
1464 3270 1465 3335 q

311 3367 414 3444 paret,
439 3360 530 3425 etiam
553 3383 589 3424 ex
612 3362 718 3439 initio,
743 3363 910 3425 orationem
933 3360 1073 3424 mutilam
1097 3382 1171 3424 esse.
1211 3357 1295 3422 Sitne
1318 3355 1381 3418 haec

312 3494 382 3557 pars
413 3472 576 3551 orationis,
609 3496 703 3559 quae,
736 3481 898 3558 postquam
928 3473 1012 3557 prior
1034 3472 1127 3535 frater
1149 3474 1327 3555 perorasset,
1350 3460 1381 3528 ab
1463 3478 1465 3489 '

313 3580 408 3646 altero
433 3582 537 3647 habita
560 3585 616 3662 sit,
641 3607 680 3648 an
704 3584 840 3649 eiusdem
863 3585 990 3648 oratoris
1014 3584 1128 3663 ὑστέρου
1151 3606 1175 3646 s.
1199 3582 1322 3661 δευτέρου
1339 3573 1379 3640 td·

313 3717 385 3770 yov,
417 3716 455 3758 an
487 3718 556 3761 vero
587 3696 655 3760 finis
684 3697 830 3760 orationis
861 3696 944 3773 eius,
980 3716 1058 3780 quae
1081 3694 1146 3757 sola
1167 3693 1224 3757 hac
1247 3693 1278 3756 in
1300 3707 1379 3753 causa
1463 3762 1464 3779 χ

314 3807 420 3872 habita
448 3808 540 3872 luerit
570 3806 607 3871 ab
632 3806 772 3871 Eucratis
800 3806 863 3870 filio
887 3829 993 3892 parum
1015 3806 1131 3890 liquet;
1156 3802 1304 3891 quidquid
1326 3805 1378 3873 est,
1463 3820 1464 3829 ¹

314 3919 405 3984 initio
436 3925 577 3983 truncata
608 3927 662 3982 est.
709 3917 860 3998 Quocirca
889 3918 922 3982 in
953 3916 1037 3981 brevi
1068 3923 1098 3980 et
1129 3916 1256 3981 obscura
1284 3930 1379 3978 causae

314 4031 599 4095 commemoratione
628 4030 719 4094 licere
749 4030 857 4114 putavi
880 4028 1069 4092 divinatione
1094 4029 1158 4105 uti,
1183 4049 1261 4113 quae
1282 4030 1379 4089 cetero·

315 4144 391 4227 quin
414 4143 505 4206 nimis
529 4143 691 4206 artificiosa
713 4148 801 4206 esset.
848 4139 935 4221 Quae
958 4141 1038 4206 onim
1062 4141 1151 4225 posui
1174 4140 1212 4204 de
1232 4138 1324 4225 priore
1340 4132 1376 4195 iu·
1463 4072 1465 4199 l

315 4254 395 4318 dicio
413 4277 474 4339 quo
491 4254 652 4318 damnatus
669 4253 768 4317 fuerat
784 4252 948 4316 Poliochus
963 4252 995 4315 in
1008 4252 1182 4316 coniectura
1195 4253 1291 4337 posita
1301 4250 1375 4321 sunt‘
1463 4248 1465 4259 ’

315 4390 377 4431 uon
402 4390 471 4432 vero
495 4376 605 4431 temere
630 4373 756 4451 arrepta.
802 4364 944 4451 Namque
964 4363 1083 4450 liquido
1099 4361 1311 4428 demonstravit
1325 4353 1373 4419 Ha

316 4479 475 4560 makerus,
504 4481 559 4568 qui
586 4479 705 4564 egregie
729 4479 766 4543 de
789 4478 846 4544 hac
869 4478 1005 4542 oratione
1027 4476 1152 4542 meritus
1176 4484 1236 4557 est,
1259 4493 1314 4538 oon
1334 4462 1372 4551 agl
1461 4456 1465 4561 Ι

1462 4684 1465 4771 l
