3002 5240
118 674 276 758 scriptores
306 644 537 758 precationis
556 671 666 755 ficaria
695 673 742 756 (ut
770 695 840 738 cum
864 676 996 740 Auctore
1019 674 1057 739 ad
1080 675 1194 739 Heren-

117 785 198 849 nium
230 784 348 869 loquar)
379 784 412 848 in
443 783 577 848 diversas
606 784 752 868 quasdam
776 786 894 861 αἱρέσεις
916 809 978 850 non
1001 786 1092 851 nimis
1116 808 1194 850 com·

116 894 303 971 meudabile3
327 916 398 958 uam
420 916 518 979 neque
542 893 586 971 is,
611 893 664 979 qui
688 895 789 958 tenuis
808 903 839 959 et
858 895 979 960 subtilis
999 919 1115 982 semper
1131 904 1192 975 est,

117 1006 273 1091 requeis,
297 1005 351 1089 qui
374 1003 497 1089 grandis
521 1010 552 1067 et
574 1003 672 1068 elatus
695 1027 827 1090 semper,
852 1005 926 1070 boni
941 1007 1069 1071 oratoris
1084 1030 1194 1072 nomen

116 1124 262 1194 meretur;
293 1117 396 1200 itaque
425 1114 539 1179 multos
569 1116 780 1200 superfuturos
819 1140 883 1183 esse
913 1118 1085 1203 probabile,
1117 1140 1194 1203 quos

116 1251 174 1313 quo
204 1229 334 1303 referas,
366 1225 478 1291 dubius
507 1224 653 1290 haerebis.
698 1225 737 1291 Id
760 1236 862 1292 autem
884 1228 1110 1295 incommodum
1137 1229 1193 1292 etsi

116 1346 227 1404 veteres
251 1360 314 1402 non
337 1336 468 1415 latebat,
492 1344 594 1400 tamen
616 1336 686 1421 plus
709 1337 806 1402 valuit
828 1361 893 1402 mos
916 1338 1055 1403 traditus.
1100 1338 1194 1403 Recte

116 1449 219 1516 Cicero
249 1450 272 1514 l.
304 1450 324 1513 l.
358 1470 383 1513 c.
415 1452 475 1513 30:
505 1450 555 1526 „is
585 1449 643 1513 erit
674 1448 836 1535 eloquens,
871 1451 925 1535 qui
959 1452 1072 1537 poterit
1101 1473 1193 1536 parva

116 1563 312 1641 „summisse,
329 1561 448 1626 modica
462 1568 644 1646 temperate,
661 1584 772 1647 magna
786 1562 918 1647 graviter
933 1562 1062 1627 dicere.”
1092 1561 1139 1626 Of.
1155 1561 1193 1625 de

116 1674 184 1760 Opt.
205 1674 286 1739 Gen.
308 1672 394 1738 Orat.
414 1695 440 1736 c.
461 1677 490 1736 1.
519 1671 663 1758 syrianus
681 1672 763 1757 apud
779 1671 920 1758 Spengel.
938 1673 959 1737 l.
976 1674 996 1738 Ι.
1014 1696 1044 1759 p.
1059 1674 1133 1750 197,
1147 1694 1191 1757 sq.
1276 1733 1281 1758 Ι

117 1785 265 1867 Quinctil.
289 1785 310 1850 l.
334 1785 355 1849 l.
378 1787 396 1871 t
419 1787 476 1847 66:
499 1783 582 1864 „Sed
604 1806 702 1869 neque
725 1783 774 1848 his
797 1783 898 1850 tribus
921 1786 1007 1870 quasi
1030 1785 1135 1849 formis
1150 1784 1195 1848 in·

116 1897 219 1975 „clusa
251 1896 426 1982 eloquentia
457 1905 512 1960 est.
558 1894 639 1960 Nam
672 1901 709 1958 ut
741 1896 821 1960 inter
855 1897 979 1981 gracile,
1000 1895 1195 1980 validumque

111 2009 263 2085 ,tertium
279 2007 396 2093 aliquid
411 2008 613 2072 constitutum
629 2014 675 2071 est
682 2057 692 2086 ,
709 2007 754 2071 ita
765 2007 875 2071 horum
886 2007 1045 2072 intervalla
1057 2012 1138 2070 sunt.
1150 2044 1195 2055 —

117 2120 181 2197 „Ac
204 2121 250 2184 sie
275 2140 368 2205 prope
391 2115 628 2183 innumerabiles
650 2118 765 2203 species
787 2118 1009 2203 reperiuntur.''
1039 2117 1132 2198 Quod
1151 2118 1196 2182 in·

117 2232 209 2296 valuit
245 2229 406 2295 divisionis
440 2228 533 2293 huius
566 2251 651 2307 mos,
685 2252 747 2293 non
781 2235 882 2315 potest
916 2229 1004 2293 aliter
1033 2228 1195 2314 explicari,

117 2363 204 2427 quam
235 2364 274 2406 ex
306 2342 485 2406 auctoritate
515 2341 692 2406 inventoris.
738 2341 799 2406 Hic
829 2348 929 2406 autem
958 2364 1021 2406 non
1049 2340 1127 2405 alius
1150 2348 1197 2405 est

118 2473 205 2536 quam
226 2449 467 2537 Theophraltus.
515 2451 608 2536 Apud
636 2451 833 2516 Aristotelem
855 2452 936 2517 enim
958 2474 1020 2517 non
1043 2452 1197 2516 invenitur

118 2562 286 2649 quidquam
308 2562 391 2648 quod
414 2562 474 2626 huc
497 2562 605 2641 faciat,
626 2584 683 2627 nee
698 2562 729 2626 in
747 2560 909 2627 Rhetorica
924 2562 962 2627 ad
978 2561 1195 2627 Alexandrum.

118 2671 173 2738 Sed
197 2672 284 2760 apud
307 2673 412 2752 illum,
441 2674 495 2758 qui
522 2674 559 2738 ab
583 2673 641 2737 hoc
663 2680 798 2759 tempore
820 2674 976 2758 proximus
998 2674 1075 2753 fuit,
1102 2674 1198 2738 Theo·

118 2784 277 2868 phrastum
299 2784 393 2849 medii
416 2785 596 2849 characteris
616 2785 759 2860 inventor
773 2783 931 2848 dicebatur
946 2784 1199 2871 Thrasymachus.

118 2893 206 2961 Dion.
232 2896 273 2960 de
295 2895 383 2960 Dem.
408 2898 438 2959 3.
483 2895 573 2974 Tplca
596 2893 674 2971 λέξις
697 2894 800 2979 (vulgo
822 2891 940 2969 λέξεως)
964 2891 995 2970 ἦν
1019 2897 1145 2974 Aptari
1163 2921 1196 2961 τε

118 3006 163 3070 καὶ
187 3007 319 3078 σύνθετος
342 3009 375 3072 ἐκ
396 3007 503 3073 τούτων
526 3012 581 3070 τῶν
603 3006 692 3071 δυεῖν·
715 3002 747 3081 ἣν
770 3007 783 3069 ὁ
801 3005 855 3083 μὲν
873 3011 981 3087 πρῶτος
998 3005 1197 3087 ἁρμοσάμενος

119 3118 164 3181 καὶ
187 3120 384 3195 καταστήσας
407 3120 446 3190 εἰς
469 3117 518 3183 τὸν
541 3124 589 3185 νῦν
608 3117 781 3199 ὑπάρχοντα
796 3116 902 3196 κόσμον
919 3116 977 3182 εἴτε
995 3118 1197 3198 Θρασύμαχος

119 3228 131 3290 t
157 3229 347 3305 Χαλκηδόνιος
375 3227 423 3311 ἦν,
452 3231 494 3301 ὦς
521 3228 636 3294 οἴεται
665 3230 918 3309 Θεόφραστος,
943 3226 996 3293 εἴτ’
1023 3225 1114 3300 ἄλλος
1137 3253 1196 3308 τις,

119 3340 165 3403 οὐκ
187 3340 252 3422 ἔχω
274 3339 380 3416 λέγειν.
426 3337 534 3403 Sumta
555 3339 630 3404 hacc
652 3345 725 3403 sunt
741 3362 778 3404 ex
796 3339 874 3403 libro
894 3338 957 3418 περὶ
974 3338 1093 3417 λέξεως,
1111 3340 1198 3404 cuius

120 3448 301 3536 fragmenta
321 3450 403 3535 apud
426 3450 608 3536 Dionysium
639 3459 668 3514 et
697 3450 887 3515 Demetrium
909 3450 1116 3516 inveniuntur.
1151 3451 1198 3516 cf.

120 3561 349 3641 Westermann,
382 3562 491 3626 Gesch.
524 3561 577 3627 der
608 3560 853 3638 Beredsamheit,
885 3560 911 3625 I.
943 3585 972 3646 p.
1007 3566 1079 3627 171.
1110 3587 1142 3629 n.
1167 3567 1196 3628 8.

123 3670 357 3759 Peripateticum
379 3673 596 3759 philosophum
618 3673 745 3738 decebat
768 3672 846 3737 hanc
865 3675 1052 3739 notationem
1071 3699 1132 3740 non
1152 3699 1197 3739 so·

122 3781 182 3846 lum
216 3782 258 3848 ad
291 3791 440 3862 oratores,
477 3783 530 3848 sed
565 3784 657 3848 etiam
690 3784 728 3847 ad
759 3783 891 3869 reliquos
924 3785 1084 3870 scriptores
1104 3793 1197 3872 atque

123 3902 223 3976 poetas
257 3893 408 3959 adhibere.
456 3892 502 3958 Cf.
534 3894 621 3958 Dem.
654 3893 691 3958 de
715 3895 789 3958 eloe.
814 3916 839 3957 e.
866 3896 917 3958 16.
963 3895 1072 3982 Itaque
1094 3904 1198 3982 postea
1325 3938 1339 3957 κ
1451 3904 1453 3911 “

124 4025 242 4092 quoque
265 4006 379 4070 factum
401 4005 548 4070 videmus.

165 4117 340 4195 Tenuitati,
364 4139 441 4202 quae
464 4124 495 4181 61
517 4117 583 4201 ipsa
605 4117 665 4181 late
688 4124 788 4202 patet,
805 4138 900 4202 quum
916 4116 1103 4183 adscribatur
1117 4118 1200 4205 logo

125 4229 262 4314 graphia,
292 4228 482 4313 dialogorum
509 4227 731 4293 Socraticorum
753 4228 951 4313 scriptoribus
974 4231 1110 4314 (excepto
1133 4229 1200 4294 Pla·

127 4341 204 4423 tone)
228 4347 257 4404 et
281 4363 376 4425 paene
398 4338 539 4403 omnibus
561 4340 732 4404 oratoribus
757 4341 790 4403 in
806 4339 942 4404 iudiciali
958 4347 989 4404 et
1003 4340 1200 4405 deliberativo

128 4468 231 4531 genere
254 4452 357 4536 (Dion.
382 4452 469 4517 Dem.
494 4453 543 4536 2),
567 4452 689 4536 propria
712 4459 758 4516 est
776 4453 930 4535 prosilitur
946 4460 976 4517 et
992 4454 1125 4530 siccitas,
1138 4453 1158 4516 i.
1173 4475 1198 4516 e.
