2958 5238
737 473 859 546 ,84

297 680 415 756 posset,
448 673 473 735 si
503 673 535 736 in
567 672 672 737 eodem
703 681 842 757 pergeret
865 679 1062 757 argumento;
1086 671 1139 735 sed
1162 671 1286 735 omnino
1308 667 1373 732 novi

298 783 373 868 quid
397 784 496 861 all‘ert3
520 784 551 846 in
576 784 783 868 superioribus
807 783 885 847 dixit
900 805 961 847 non
978 781 1066 846 facile
1080 782 1221 846 futurum
1236 781 1328 845 fuisse
1342 786 1374 842 ut

295 894 432 972 lucrum,
464 894 548 980 quod
579 918 615 959 ex
649 896 791 959 metoecis
814 895 993 980 sperabant,
1016 895 1140 958 omnino
1163 894 1196 958 in
1218 893 1374 957 discrimen

296 1004 467 1085 dedissent;
499 1016 584 1084 tum,
618 994 725 1093 porro}
758 1008 876 1091 inquit,
905 1029 995 1091 quern
1018 1008 1119 1071 minus
1143 1014 1375 1070 consentaneum

296 1125 359 1181 erat
378 1117 439 1181 tale
458 1119 574 1182 iussum
590 1126 802 1203 accepturum,
820 1140 912 1204 quam
927 1118 1024 1195 hunc,
1041 1120 1095 1202 qui
1111 1118 1276 1183 oblocutus
1292 1124 1374 1180 esset.

295 1227 373 1293 (lum
396 1230 487 1293 nimis
510 1231 609 1314 gravis
633 1230 760 1314 triginta
784 1230 855 1294 viris
879 1237 943 1294 erat
965 1252 1012 1294 res
1035 1230 1276 1315 inquilinorum,
1295 1236 1376 1293 ntea
1467 1248 1468 1267 ,

295 1349 455 1406 uterentur
477 1341 515 1404 ad
539 1341 669 1405 alicuius
691 1341 782 1405 fidem
806 1341 1039 1426 explorandam,
1068 1349 1135 1405 tum
1159 1341 1209 1405 hic
1232 1342 1266 1405 in
1290 1362 1325 1403 ea
1345 1361 1374 1402 re

295 1464 463 1538 suspectus.

284 1607 287 1613 ·
338 1567 355 1649 1
378 1568 430 1629 30.
478 1567 559 1642 ὑμεῖς
581 1566 610 1630 δὲ
633 1566 742 1638 πάντες
764 1566 964 1647 ὀργίζεσθε,
988 1566 1043 1631 ὅσα
1060 1567 1099 1639 εἷς
1116 1564 1275 1638 carolidae
1288 1561 1374 1639 ἦλθον.

294 1677 370 1762 Leg.
395 1675 554 1759 ὠργίζεσθε.
945 1681 948 1686 ’

337 1790 354 1873 p
377 1790 428 1852 33.
476 1787 535 1853 οὐδὲ
559 1790 627 1869 παρ’
651 1790 747 1859 αὑτοῖς
770 1784 841 1852 εἶναι
864 1786 1143 1873 „quemadmodum
1159 1810 1198 1851 ne
1214 1787 1299 1851 domi
1314 1786 1375 1870 qui·

293 1900 386 1977 „dem
408 1905 529 1963 nostrae
552 1898 640 1963 nobis
664 1920 728 1962 csse
751 1898 826 1961 licui
842 1898 871 1962 .”
917 1901 1021 1970 Αὐτοῖς
1045 1919 1100 1982 pro
1123 1900 1191 1975 ἡμῖν
1215 1901 1329 1981 αὐτοῖς,
1342 1906 1375 1961 ut

293 2012 399 2077 ἑαυτῶν
432 2037 484 2097 pro
516 2016 593 2091 ὑμῶν
623 2017 717 2080 αὐτῶν
748 2018 776 2078 8.
807 2017 843 2092 5,
879 2017 929 2078 18.
963 2017 1020 2093 15,
1054 2016 1106 2078 28.
1134 2016 1184 2083 16.
1232 2013 1372 2079 Ceterum

293 2126 421 2188 strictim
445 2134 475 2190 et
499 2128 563 2191 sine
586 2127 766 2192 necessitate
790 2127 843 2191 sed
866 2150 901 2191 co
925 2127 1062 2191 acerbius
1086 2126 1160 2190 haec
1183 2125 1338 2190 dicuntur.

336 2238 428 2321 131.
475 2240 545 2321 φέρε
576 2239 627 2315 δή,
659 2241 690 2304 τί
718 2239 755 2304 fec
777 2240 801 2304 εἰ
823 2239 873 2304 καὶ
896 2239 1019 2321 ἀδελφοὶ
1042 2238 1120 2310 ὄντες
1144 2240 1264 2320 fcrlxsc'
1287 2242 1373 2304 αὐτοῦ
1467 2314 1468 2321 ¹

293 2348 309 2422 ἢ
336 2351 385 2411 καὶ
409 2351 494 2426 υἱεῑς;
518 2351 769 2432 academicam&
794 2348 949 2435 (11111111.)
997 2350 1125 2434 Aliquid
1144 2350 1293 2414 excidisse
1307 2356 1374 2435 post

291 2460 322 2524 τί
344 2459 380 2524 alc
402 2461 425 2523 εἰ
449 2460 570 2524 videtur
592 2460 732 2538 Dobre03
757 2461 840 2538 iure,
865 2461 981 2546 opinor.
1013 2461 1170 2525 Sententia
1185 2462 1266 2525 enim
1282 2461 1372 2525 huius

292 2571 433 2635 sectionis
458 2579 520 2635 est:
544 2582 764 2650 „veruntamen
789 2596 826 2636 ne
850 2573 929 2637 hanc
951 2573 1076 2659 quidem
1099 2572 1309 2639 condicionem
1332 2595 1373 2635 re·

290 2704 385 2760 „cuso
417 2685 464 2767 (ut
494 2684 584 2748 liceat
613 2685 666 2748 isti
689 2684 747 2749 sibi
771 2684 937 2749 honorifica
960 2685 1133 2770 praedicare
1156 2685 1194 2749 de
1218 2685 1272 2761 iis,
1298 2705 1371 2767 quae

290 2794 427 2871 „nemini
457 2801 530 2858 nota
561 2803 647 2872 sunt,
681 2803 711 2857 ct
741 2794 779 2858 ad
810 2795 890 2858 facta
913 2803 1034 2859 tantum
1058 2797 1124 2859 eius
1148 2794 1369 2880 attendamus),

290 2903 366 2980 „sed
388 2903 501 2988 largior
523 2904 597 2981 tibi,
623 2913 653 2967 te
677 2905 855 2969 oblocutum
880 2929 953 2970 esse.
994 2905 1190 2991 Quamquam
1205 2908 1300 2972 miror
1316 2908 1371 2991 uti·

288 3036 387 3097 ,‚que‚
420 3014 495 3098 quid
525 3014 649 3078 tandem
680 3015 801 3079 fecisses
824 3017 964 3101 (triginta
987 3018 1070 3102 viris)
1094 3018 1295 3103 suffragatus,
1320 3017 1370 3101 qui

289 3147 394 3202 „nunc
417 3125 557 3210 quidem,
583 3149 678 3210 quum
703 3126 880 3192 oblocutum
897 3135 928 3192 te
944 3151 1008 3192 esse
1024 3129 1123 3206 dicas,
1141 3128 1369 3193 Polemcrchum
1470 3162 1471 3181 1

289 3236 530 3313 „interfeceris”
575 3237 650 3300 Post
679 3237 759 3302 hanc
783 3239 989 3323 exceptionem
1012 3263 1050 3303 an
1074 3240 1290 3304 correctionem
1313 3238 1370 3302 dic·

289 3353 389 3409 torum
413 3347 445 3410 in
468 3349 546 3410 viam
569 3347 663 3411 redit:
688 3346 743 3411 sed
764 3349 825 3411 iam
849 3350 936 3432 sequi
959 3349 1066 3428 debet,
1091 3349 1167 3433 quid
1186 3371 1316 3433 aequum
1333 3347 1369 3410 sit

288 3479 358 3520 eum
389 3458 468 3541 pati,
497 3457 550 3541 qui
573 3459 705 3535 iniuste,
730 3458 868 3543 quamvis
893 3458 1073 3538 oblocutus,
1098 3460 1230 3543 aliquem
1252 3458 1369 3523 interfe·
1469 3504 1471 3519 .

288 3567 379 3644 cerit,
404 3566 461 3631 hoc
484 3569 545 3633 fere
568 3569 677 3633 modo:
702 3570 805 3654 „agite
829 3593 899 3633 vero
924 3572 970 3654 (nt
992 3571 1071 3635 illud
1094 3572 1243 3656 mittam),
1261 3573 1286 3634 si
1302 3571 1367 3656 quis
1470 3564 1471 3569 ¹

286 3699 401 3761 „quem
423 3685 534 3745 incitus
557 3684 674 3764 quidem
696 3688 725 3745 et
749 3685 819 3746 eliis
842 3683 1012 3762 obsecutus,
1036 3687 1196 3748 aedtcmcn
1207 3688 1316 3747 iniuste
1326 3687 1367 3745 111-

288 3789 494 3874 „terfccelract,
518 3812 633 3876 vosque
655 3791 808 3855 interfecti
831 3791 939 3855 fratres
963 3800 1017 3856 aut
1040 3792 1096 3856 filii
1119 3793 1270 3868 fuissetis,
1294 3813 1366 3854 num
1469 3770 1471 3825 ³

285 3898 531 3976 „interfectorem
559 3901 803 3966 absolvissetisf'
836 3901 886 3966 Ita
908 3903 995 3966 nulla
1017 3903 1144 3967 offensio
1167 3912 1212 3967 est
1236 3904 1269 3967 in
1295 3901 1366 3965 aori·

287 4009 342 4073 stis
350 4057 360 4086 ,
376 4032 431 4094 pro
448 4011 560 4094 quibus
581 4020 654 4076 sunt
670 4014 723 4097 qui
738 4013 915 4099 imperfecta
931 4015 1099 4079 substituta
1114 4015 1226 4092 velint,
1244 4020 1365 4078 streete

286 4120 423 4205 procedit
446 4124 679 4208 argumentatio.

331 4233 348 4316 1
370 4236 411 4297 41
436 4256 481 4318 sq.
527 4236 675 4306 Πολλάκις
694 4235 851 4313 ἐθαύμασα
870 4246 922 4311 τῆς
942 4238 1054 4314 τόλμης
1072 4243 1127 4302 τῶν
1142 4237 1285 4315 λεγόντων
1301 4234 1364 4313 ὑπὲρ

288 4346 399 4428 αὐτῶν,
424 4348 501 4422 πλὴν
523 4344 593 4412 ὅταν
612 4348 753 4423 ἐνθυμηθῶ
770 4345 812 4412 ὅτι
831 4354 886 4412 τῶν
906 4350 1000 4413 αὐτῶν
1021 4351 1097 4414 ἐστιν
1109 4350 1214 4420 αὐτούς
1226 4373 1259 4413 τε
1269 4346 1363 4411 πάντα

287 4455 327 4517 ccl
358 4454 409 4537 (cal
441 4457 622 4536 delendum,
655 4456 692 4520 cl.
724 4455 862 4536 Dobree,
894 4481 923 4544 p.
953 4461 1017 4522 214
1042 4466 1073 4522 et
1095 4458 1235 4545 Sauppe,
1258 4455 1361 4520 Philol.
