2958 5238
826 482 887 542 rua
932 455 934 457 ’

318 676 442 741 verbum
466 678 590 764 aliquod
613 681 709 763 (velut
731 681 831 764 ipsum
855 680 933 744 illud
955 683 1133 765 νίναλίσκειν)
1156 690 1210 746 aut
1232 679 1380 744 substauti-

316 810 387 851 vum
413 795 483 853 aute
510 791 548 862 είς
571 792 626 862 τοῖς
649 797 718 864 ναῖς
741 791 901 875 (ἐπιβάταις
925 800 977 855 aut
1001 792 1079 877 sim.)
1103 791 1250 857 desidero.

360 899 399 963 ln
428 901 465 964 iis
492 923 570 984 quae
601 909 773 986 sequuntur
794 904 811 987 p
836 905 874 965 10
899 904 969 966 αλλ’
987 900 1044 967 ίσιι
1067 902 1114 967 καί
1137 903 1178 967 τοὶ
1201 905 1320 981 πατρῷα
1338 900 1381 965 καί

314 1008 350 1074 ἄν
380 1012 411 1076 τί
439 1014 521 1077 νιοθεν
550 1013 682 1091 λοίβωσιν
712 1016 752 1085 εἷς
773 1015 829 1085 τοῖς
853 1014 1014 1094 αἰσχίστας
1037 1014 1136 1091 ηθονίις
1159 1013 1301 1091 εἰθισμένοι
1320 1010 1381 1076 είσίν

312 1121 495 1196 νίναλίσκειν,
525 1124 558 1187 in
590 1123 693 1188 codice
724 1123 821 1188 Palae.
845 1148 900 1210 pro
922 1122 1070 1206 λαίβωσιν,
1095 1125 1178 1209 quod
1202 1148 1239 1189 ex
1259 1125 1381 1188 Lauren·

311 1235 395 1299 tiano
426 1243 578 1313 sumtum,
610 1243 656 1299 est
685 1238 727 1312 μη
754 1237 843 1303 θῶσιν.
890 1236 928 1300 [n
950 1245 1146 1304 ΜΗΔΩΟΙΝ
1169 1237 1244 1301 latet
1266 1237 1380 1300 fortasse

311 1330 507 1414 ΜΤΔΩΤΙΟ
529 1350 550 1413 i.
576 1371 601 1412 e.
625 1349 742 1429 μεταδῷ
765 1372 819 1420 τις.

354 1462 371 1544 p
395 1462 446 1524 13.
492 1460 582 1524 Pater
604 1482 690 1523 meus
714 1458 839 1522 Conone
863 1481 960 1523 meam
982 1481 1114 1523 sororem
1140 1467 1261 1545 petente
1277 1457 1380 1529 ἐσείσθη

310 1570 403 1635 δοῦναι
429 1571 632 1654 (Νικοφήμῳ),
661 1571 712 1635 οῦκ
734 1571 810 1641 είθιὶις
834 1572 886 1644 την
908 1569 1041 1646 ἐσομένην
1062 1570 1217 1647 διαβολήν,
1238 1572 1315 1634 αλλ’
1332 1566 1380 1632 ίτε

309 1683 359 1746 καί
383 1683 460 1759 ὑμῶν
483 1683 607 1755 ὁστιςοῦν
625 1682 662 1746 ίιν
681 1683 792 1752 ἐκείνοις
813 1681 914 1758 ἠξίωσε
933 1682 1072 1756 κηδεστὴς
1092 1682 1234 1758 γενέσθαι.
1247 1676 1379 1746 -Ἀλλ’
1454 1690 1455 1695 ’

310 1793 357 1859 ίτε
380 1794 551 1859 emendatio
575 1802 621 1858 ert
644 1792 770 1857 Sluiteri
793 1792 933 1857 omnibus
957 1816 1039 1858 nune
1062 1793 1188 1878 probata
1194 1820 1203 1871 3
1228 1793 1280 1857 sed
1296 1814 1379 1877 quum

309 1905 498 1991 superiorum
526 1907 571 1968 vis
602 1906 730 1969 causalis
759 1907 859 1988 (quum
880 1927 936 1969 αοα
959 1908 1097 1989 novisset)
1121 1913 1152 1968 et
1174 1905 1314 1969 iunctura
1334 1925 1379 1988 per

307 2017 379 2082 αλλ’
407 2016 455 2082 θτε
485 2028 644 2102 propterea
675 2019 775 2082 miuus
799 2025 871 2102 apta
893 2018 949 2095 sit,
973 2039 1036 2080 uon
1060 2025 1135 2101 puto
1159 2018 1191 2081 in
1215 2039 1251 2081 ea
1272 2008 1379 2101 aequie-
1454 2088 1455 2099 ¹

307 2129 462 2194 suendum.
496 2129 654 2193 Palatinus
672 2128 771 2202 ι’ίλλως
787 2155 839 2207 τε,
857 2128 939 2213 quod
957 2129 1046 2214 plane
1065 2128 1114 2192 hie
1131 2128 1243 2193 dicitur
1258 2136 1293 2192 ut
1310 2132 1336 2193 ί.
1348 2129 1377 2188 6:

306 2236 381 2304 ίίστε
404 2245 462 2314 πῶς
486 2240 523 2306 ίιν
545 2242 659 2312 δικαίως
683 2243 751 2320 ὑπὲρ
774 2247 829 2305 τῶν
851 2251 888 2322 τῇ
912 2240 994 2305 τθλει
1017 2242 1216 2318 γεγενημένων
1239 2244 1378 2321 συμφανῶν
1454 2260 1455 2263 ’

306 2352 363 2429 ἐγὼ
392 2353 448 2417 νννῖ
479 2353 556 2428 δίκην
586 2353 701 2427 θιδοίηνς
733 2351 832 2425 σ’ίλλως
862 2378 896 2417 τε
926 2354 976 2416 καί
1006 2357 1089 2417 τοῦτο
1119 2352 1152 2416 τὸ
1174 2352 1275 2432 χωρίον
1297 2356 1324 2418 ἐν
1344 2351 1378 2430 τῷ
1452 2382 1453 2413 ι

305 2465 423 2543 πολέμῳ
453 2465 586 2541 δημευθὲν
617 2464 734 2544 ἄερκτον
765 2462 796 2539 ἦν
827 2471 912 2528 τλεῖν
935 2464 952 2539 ἢ
975 2466 1041 2543 τρία
1063 2462 1124 2537 ἔτη.
1172 2466 1224 2527 28.
1250 2467 1284 2527 5:
1307 2460 1377 2539 οἶμαι

304 2574 327 2637 θ’
350 2575 447 2651 ἔγωγε
475 2576 590 2646 τοίντας
614 2574 671 2659 (θα)
691 2577 772 2653 ’ὑμᾶς
796 2577 975 2652 ὁμολογῆσαι
997 2611 1042 2623 -
1065 2575 1150 2640 οὐθέν’
1174 2573 1209 2639 ίιν
1234 2576 1310 2652 ὑμῶν
1324 2576 1377 2640 ε’τι-
1453 2650 1454 2653 ¹

302 2687 407 2767 τρέψαι
430 2688 486 2759 τίις
509 2693 578 2760 ναῦς
601 2690 703 2752 ἐκεῖνον
725 2687 822 2767 ἔχοντ’
846 2690 1022 2752 ἐκπλεῦσαι.
1046 2687 1145 2760 θιλλως
1168 2712 1201 2751 τε
1224 2687 1274 2752 καὶ
1290 2685 1377 2757 ἐπειδὴ

302 2797 421 2879 τάχισθ’
452 2800 533 2873 ὑμεῖς
563 2800 747 2880 ἐψηφίσασθε
773 2799 814 2863 τίν
836 2800 982 2879 χρήματα
1004 2799 1374 2878 ἀπογράψαι-Ἐργοκλῆς
1453 2790 1454 2805 ³

303 2911 390 2988 ἔλεγε
411 2937 437 2975 κ.
460 2936 486 2976 τ.
510 2912 531 2974 ἓ.
555 2913 721 2994 (accedebat
741 2913 833 2994 qaod,
857 2917 885 2975 et
909 2912 1087 2995 praeterea).

346 3028 363 3111 p
389 3027 437 3087 18.
484 3024 578 3102 ἐκείνω
608 3023 661 3100 μὲν
691 3023 750 3101 γαρ
779 3015 816 3095 ἦν
838 3022 879 3085 τοὶ
902 3022 991 3086 αὑτοῦ
1014 3020 1168 3100 τοιίττειν,
1192 3024 1322 3098 ,spuebat
1337 3017 1374 3084 illi

301 3163 349 3203 res
365 3161 435 3201 suas
452 3136 571 3221 agere.''
605 3133 677 3199 Non
694 3135 751 3199 hoo
767 3134 933 3217 requiritur
941 3158 951 3210 ;
971 3133 1024 3196 sed
1038 3137 1192 3218 placebat,
1208 3134 1372 3221 orrsfieiebat.

301 3250 441 3314 Fortasse
465 3246 496 3323 ἦν
519 3248 629 3311 litteris
652 3244 835 3331 quibusdam
859 3245 994 3308 evanidis
1018 3246 1134 3309 exstitit
1158 3268 1194 3309 ex
1212 3246 1370 3325 ’'HprrarN,

300 3383 355 3447 pro
386 3362 485 3438 ἤρεσκε
514 3359 637 3441 scripto.
684 3356 722 3419 In
753 3356 831 3419 haue
855 3356 1059 3420 coniecturam
1082 3355 1240 3421 Dobreum
1263 3372 1371 3440 quoque
1451 3432 1452 3437 η

300 3472 441 3536 incidisse
464 3469 562 3533 video.

343 3585 360 3668 p
384 3584 434 3645 15.
482 3579 630 3644 Versatur
653 3578 875 3663 argumentatio
898 3579 931 3640 in
954 3600 1007 3654 eo,
1031 3584 1067 3641 ut
1089 3587 1248 3662 appareat,
1266 3583 1369 3662 patrem

300 3695 382 3771 eius,
415 3693 469 3776 qui
498 3712 619 3756 oausam
649 3689 741 3766 dioit,
773 3710 835 3752 non
859 3700 982 3772 propter
1005 3687 1128 3752 divitias
1150 3689 1243 3752 filiam
1267 3687 1370 3752 Aristo
1450 3738 1451 3743 ,

300 3806 393 3891 phani
417 3804 597 3878 collocasse3
621 3802 654 3866 in
678 3823 769 3885 quam
792 3807 909 3884 partem
925 3798 1000 3863 dicit
1015 3807 1117 3863 orator
1132 3808 1202 3884 post
1217 3801 1276 3864 alia
1290 3801 1368 3862 haee:

298 3920 355 3989 τοῖς
377 3918 467 3981 τοίνυν
490 3917 565 3992 ἔμας
585 3913 722 3993 ἀδελφοῖς
744 3913 893 3977 ἕθελίντων
915 3916 995 3976 τινῶν
1017 3913 1124 3989 λαβεῖν
1140 3911 1288 3997 νίτροίμονς
1303 3908 1369 3974 τιίνν

299 4030 458 4109 πλουσίαν,
474 4030 524 4091 οὐκ
539 4026 638 4091 ἔδωκεν
650 4062 712 4100 -,
729 4024 813 4088 aaut
828 4025 880 4096 την
895 4022 948 4098 μὲν
960 4024 1115 4104 Φιλομήλῳ
1125 4026 1165 4104 τῷ
1177 4032 1370 4096 Παιανιείη

299 4142 350 4215 την
373 4141 403 4203 δὲ
425 4138 524 4213 πένητι
547 4135 732 4214 γεγενημένῳ
754 4137 785 4199 οὐ
808 4134 855 4199 aa
877 4134 999 4213 κακίαν,
1024 4133 1170 4216 ἀδελφιδῷ
1193 4135 1227 4199 δὲ
1247 4135 1369 4210 Φαίδρῳ

299 4251 369 4318 θντι
403 4249 656 4333 Μνῤῥινονσίῳ,
687 4247 805 4318 Ιε’ντιδοίις
835 4242 1053 4324 τετταμίκοντα
1082 4252 1176 4324 μναῖς,
1208 4249 1267 4312 καί
1296 4246 1369 4323 Ἀμ-
1449 4240 1450 4277 ³

299 4366 471 4443 στοφιίνει
495 4361 531 4426 τὸ
554 4359 635 4424 ίσον.
681 4356 754 4422 Νοιι
777 4357 898 4422 videtur
920 4356 959 4420 ad
981 4379 1116 4422 sororem*
1136 4359 1279 4434 oratoris,
1303 4374 1369 4440 quae

299 4483 396 4561 nupta
415 4475 514 4539 fuerat
533 4470 750 4557 Aristophani,
773 4469 920 4554 respicere
942 4490 1031 4552 posse
1054 4477 1155 4533 orator
1162 4497 1171 4548 3
1196 4471 1228 4534 in
1243 4492 1277 4534 ea
1291 4465 1368 4532 collo
