3002 5240
627 460 783 510 ..:··.·.·
840 517 859 576 2

308 731 358 789 τοῦ
390 726 570 805 προσήκοντος
600 727 642 802 μὴ
675 723 735 788 art
758 723 840 789 τοῦδε
862 729 912 790 τοῦ
934 723 1048 806 ἀνδρός,
1073 724 1155 789 ἄλλοι
1178 727 1247 803 παρ’
1269 723 1385 802 ἐτέρων,

307 830 339 899 οἳ
363 836 549 915 κρείττους
571 836 801 912 οἰκονομῆσαι
825 835 871 899 τοι
895 835 1079 912 εὑρεθέντα
1101 836 1278 912 ἐγένοντο,
1302 842 1387 899 τοῦτο

307 946 339 1010 τὸ
361 954 503 1026 στοιχεῖον
525 944 703 1023 λαμβάνειν.
735 942 927 1028 Quamquam
949 966 1053 1007 rursus
1076 944 1114 1007 de
1136 944 1270 1008 moribus
1294 968 1386 1029 agens

306 1056 421 1123 ordinis
444 1056 552 1140 Lysiae
576 1056 654 1119 hano
677 1056 821 1118 virtutem
844 1077 907 1119 esse
930 1055 1022 1132 dicit,
1047 1055 1127 1139 quod
1152 1056 1326 1140 aptissimus
1345 1057 1386 1119 sit

306 1168 343 1231 ad
360 1167 634 1252 persuadendum,
666 1173 696 1230 et
726 1166 844 1243 laudat,
877 1165 958 1250 quod
982 1166 1103 1250 singula
1125 1167 1225 1252 posita
1247 1167 1325 1243 sint,
1349 1173 1386 1229 ut

305 1301 391 1342 casus
421 1279 512 1342 ferret
542 1280 579 1361 (a.
605 1280 646 1362 8).
682 1276 741 1341 Sed
771 1278 870 1362 priore
901 1276 967 1340 loeo
999 1278 1097 1340 verius
1128 1276 1290 1355 iudicavit3
1314 1298 1385 1340 nam

306 1391 363 1453 etsi
396 1413 434 1453 ne
469 1390 549 1474 apud
584 1389 820 1453 Demosthenem
859 1387 981 1473 quidem
1019 1390 1287 1473 exquisitissimum
1320 1409 1385 1451 esse

305 1501 441 1564 ordinem
463 1500 624 1586 persuadet
647 1500 804 1563 Disaenius
828 1502 971 1585 (prooem.
996 1488 1039 1564 ad
1057 1499 1142 1564 Orat.
1167 1501 1204 1564 de
1228 1499 1297 1563 Gor.
1318 1521 1384 1562 ase

305 1613 442 1698 editam),
465 1620 566 1676 tamen
590 1633 655 1675 eam
679 1608 907 1675 consarcinandi
930 1613 1077 1675 rationem
1092 1611 1184 1675 habet
1197 1610 1322 1696 Lysias,
1347 1617 1384 1672 ut

304 1723 509 1787 Demosthene
532 1723 606 1796 hoo,
631 1728 667 1784 ut
682 1721 748 1784 aliis
764 1721 951 1800 nominibus,
975 1722 1065 1807 longe
1080 1723 1204 1786 inferior
1220 1724 1269 1786 sit.
1294 1721 1383 1785 Com·

303 1857 375 1918 para
405 1842 440 1898 ut
469 1835 528 1897 hoc
559 1840 629 1897 utar
654 1835 853 1917 Agorateam,
877 1832 931 1896 ubi
953 1834 1099 1897 transitus
1121 1832 1160 1896 ad
1183 1848 1261 1897 nova
1283 1834 1316 1896 in
1340 1854 1383 1895 re·

302 1945 450 2009 futatione
469 1947 524 2008 hos
549 1945 683 2009 iuvenies
708 1964 761 2028 per
784 1967 903 2019 senon
923 1944 1033 2022 malos,
1057 1943 1109 2008 sed
1131 1945 1222 2009 nimis
1244 1946 1323 2007 inter
1349 1965 1383 2008 se

303 2056 432 2120 similes:
463 2056 559 2140 aas:
592 2054 746 2135 θοινμοὶζω,
776 2054 794 2118 δ’
820 2080 848 2119 τι
883 2057 953 2121 τοτὲ
986 2055 1126 2130 τολμήσει
1159 2056 1380 2132 οὶτολονεῑσθοοι.

304 2168 360 2229 52:
385 2169 455 2231 ἀλλ’
478 2163 543 2238 ἴσοις
567 2167 664 2245 φήσει.
702 2165 752 2227 55:
777 2165 869 2230 οὶκούοι
893 2165 917 2228 δ’
930 2167 1023 2232 αὐτόν.
1061 2168 1118 2228 58:
1143 2169 1272 2244 οὶνσμοῖος
1288 2166 1317 2231 δέ
1332 2190 1381 2244 μοι

302 2279 378 2343 δοκεῖ
398 2276 597 2357 Ἀριστοφάνει
620 2275 763 2352 γενέσθαι.
800 2277 817 2339 7
822 2278 858 2339 0:
882 2274 960 2352 λέξει
984 2276 1022 2343 δέ.
1060 2276 1119 2341 77:
1142 2277 1235 2342 οὶκούω
1257 2276 1380 2344 δ’κύτόν.

304 2393 361 2453 85:
374 2390 466 2453 duodo
483 2387 603 2452 δὀὐτόν.
630 2388 688 2448 88:
705 2387 881 2463 τννθοένομοιι
894 2387 1015 2453 δὀιῦτόν.
1048 2386 1106 2452 Sed
1123 2396 1159 2451 ut
1171 2395 1295 2474 'apparet
1307 2384 1380 2451 Dio·

301 2502 421 2585 nysium
439 2500 496 2562 hoo
515 2500 623 2563 vitium
643 2497 772 2562 elevasse
788 2506 936 2582 quantum
948 2508 1065 2584 posset,
1079 2501 1122 2564 sio
1134 2506 1240 2564 contra
1251 2502 1380 2563 virtutes

301 2613 426 2675 oratoris
453 2610 655 2695 amplificandi
678 2610 780 2674 studio
802 2618 949 2675 movetur.
995 2612 1034 2676 In
1057 2635 1117 2698 quo
1141 2610 1379 2677 demonstrando

301 2746 381 2791 nunc
404 2745 466 2786 uno
489 2722 636 2806 defungar
658 2721 711 2785 sed
734 2729 816 2785 certo
840 2724 985 2807 exemplo.
1033 2722 1138 2787 Novus
1167 2724 1234 2801 hio,
1258 2723 1378 2807 iuquit,

299 2842 401 2898 orator
423 2842 469 2898 est
491 2836 523 2897 in
546 2850 728 2919 unaquaque
752 2835 903 2912 oratione,
927 2856 965 2899 ne
987 2836 1019 2899 iu
1043 2836 1162 2900 duobus
1191 2835 1313 2921 quidem
1340 2856 1379 2898 ex

299 2945 437 3009 ducentis
461 2946 622 3031 prooemiis
642 2945 750 3009 incidit
772 2946 805 3008 in
828 2945 948 3010 easdem
964 2948 1179 3030 cogitationes3
1196 2968 1251 3010 nee
1266 2943 1380 3009 inulla

298 3058 432 3131 oratione
463 3058 649 3142 prooemium
680 3045 697 3120 a
727 3079 758 3122 re
786 3056 943 3120 tractanda
964 3057 1095 3122 alienum
1118 3065 1164 3122 est
1190 3059 1227 3142 (o.
1256 3057 1295 3120 18
1320 3054 1378 3119 sub

297 3168 318 3231 f.
342 3168 529 3249 οὶτκρτκμένρ
549 3174 605 3233 τῶν
627 3167 813 3246 τριινμοέτοιν
837 3168 917 3247 οὶρχῇ
940 3169 970 3232 οὐ
987 3166 1117 3253 χρῆτοιι).
1154 3166 1213 3232 Sed
1225 3168 1378 3231 orationes

301 3281 340 3342 16
373 3286 404 3342 et
433 3281 475 3341 24
504 3278 657 3362 prooemia
680 3276 785 3341 eadem
807 3277 868 3340 fere
892 3279 1063 3356 eontinent3
1087 3285 1206 3364 gratum
1229 3300 1323 3363 paene
1345 3301 1379 3342 se

298 3413 361 3455 esse
381 3390 546 3453 accusatori
567 3389 656 3465 dicit,
679 3387 760 3473 quod
785 3389 832 3452 sui
855 3384 1037 3453 defendendi
1049 3390 1307 3475 opportunitatem
1318 3387 1378 3452 sibi

296 3502 458 3580 obtulerit;
484 3501 620 3564 oratione
642 3507 705 3563 tam
732 3500 770 3564 17
797 3518 887 3583 qnam
914 3500 952 3563 19
977 3500 1159 3585 imperitiam
1186 3499 1306 3564 dicendi
1330 3520 1379 3563 ex-

297 3620 383 3677 cusat
405 3620 490 3687 reus3
515 3617 546 3674 et
569 3632 672 3673 rursus
696 3611 727 3673 in
752 3610 917 3694 posteriore
941 3601 1129 3694 prooemium
1149 3618 1243 3695 pae‘ne
1259 3609 1298 3673 ad
1313 3632 1378 3672 ver·

295 3724 368 3788 hum
398 3724 539 3786 convenit
562 3743 631 3785 oum
654 3720 831 3785 Andocideo
853 3723 886 3784 in
909 3721 1045 3785 oratione
1069 3721 1107 3785 de
1126 3720 1290 3805 Mysteriis.
1329 3722 1377 3784 Ao

295 3836 321 3898 si
351 3840 436 3898 tanta
463 3831 553 3895 laude
577 3831 746 3895 celebratur
764 3830 887 3915 Lysias,
911 3832 1095 3917 nescioquo
1119 3831 1278 3916 praeconio
1301 3831 1377 3895 cele·

295 3943 421 4007 brentur
444 3941 566 4007 exordia
588 3941 837 4018 Demostheniea,
863 3963 939 4025 quae
962 3948 992 4004 et
1016 3941 1164 4027 simplicia
1187 3948 1217 4004 et
1237 3940 1377 4003 modesta

294 4063 325 4119 et
352 4056 455 4140 gravia
478 4055 592 4119 eadem.
640 4050 729 4117 Nihil
755 4053 864 4116 melius
886 4054 918 4116 in
943 4052 1000 4116 hoe
1023 4074 1134 4137 genere
1157 4070 1248 4136 quam
1271 4072 1376 4136 prooe·
1440 4084 1446 4105 ι

294 4168 390 4230 mium
424 4165 463 4229 ad
497 4167 625 4250 primam
653 4165 733 4229 κοντοὶ
764 4165 909 4229 Φιλίστου
938 4166 973 4247 (εἰ
1000 4162 1053 4239 μὲν
1084 4163 1145 4244 τερ)
1178 4167 1274 4227 κοινοῦ
1299 4185 1373 4233 τινος

293 4277 483 4361 τροὶνμοιτος)
510 4283 541 4340 et
563 4275 601 4339 ad
622 4273 838 4359 Olynthiaeam
860 4276 982 4338 tertiam
1005 4275 1084 4358 (οὐχὶ
1108 4275 1207 4339 ‘vaurd
1229 4272 1374 4352 τορίστιι-
1409 4362 1411 4366 ⁴

292 4389 344 4452 σοι’
364 4390 433 4471 μοι).
465 4386 506 4450 ut
528 4386 716 4471 prooemium
738 4381 955 4470 Thrasymaohi'
970 4384 1051 4469 apud
1066 4384 1158 4449 Dion.
1175 4381 1334 4448 Demosth.
1351 4384 1371 4446 3

291 4499 415 4563 minime
427 4496 671 4584 postponendum
687 4495 836 4579 Lysiaeis3
853 4502 1013 4580 tantasque
1030 4492 1134 4558 laudes
1147 4493 1326 4559 admirarere
1340 4494 1374 4557 in
