<?xml version="1.0" encoding="UTF-8"?>
<!DOCTYPE html PUBLIC "-//W3C//DTD XHTML 1.0 Transitional//EN"
    "http://www.w3.org/TR/xhtml1/DTD/xhtml1-transitional.dtd">
<html xmlns="http://www.w3.org/1999/xhtml" xml:lang="en" lang="en">
 <head>
  <title>
</title>
<meta http-equiv="Content-Type" content="text/html;charset=utf-8" />
  <meta name='ocr-system' content='tesseract 3.04.00' />
  <meta name='ocr-capabilities' content='ocr_page ocr_carea ocr_par ocr_line ocrx_word'/>
</head>
<body>
  <div class='ocr_page' id='page_1' title='image "./commentationesl03frangoog_0230.png"; bbox 0 0 2994 5234; ppageno 0'>
   <div class='ocr_carea' id='block_1_1' title="bbox 668 421 732 480">
    <p class='ocr_par' dir='ltr' id='par_1_1' title="bbox 668 421 732 480">
     <span class='ocr_line' id='line_1_1' title="bbox 668 421 732 480; baseline 0.016 -1"><span class='ocrx_word' id='word_1_1' title='bbox 668 421 732 480; x_wconf 78' lang='lat'><strong>215</strong></span> 
     </span>
    </p>
   </div>
   <div class='ocr_carea' id='block_1_2' title="bbox 149 605 1246 918">
    <p class='ocr_par' dir='ltr' id='par_1_2' title="bbox 149 605 1246 918">
     <span class='ocr_line' id='line_1_2' title="bbox 196 605 1246 701; baseline 0.001 -24"><span class='ocrx_word' id='word_1_2' title='bbox 196 614 243 677; x_wconf 90' lang='lat' dir='ltr'><strong>De</strong></span> <span class='ocrx_word' id='word_1_3' title='bbox 276 636 311 678; x_wconf 90' lang='lat' dir='ltr'><strong>ea</strong></span> <span class='ocrx_word' id='word_1_4' title='bbox 340 637 373 677; x_wconf 89' lang='lat' dir='ltr'><strong>re</strong></span> <span class='ocrx_word' id='word_1_5' title='bbox 404 622 505 678; x_wconf 90' lang='lat' dir='ltr'><strong>autem</strong></span> <span class='ocrx_word' id='word_1_6' title='bbox 536 615 664 679; x_wconf 86' lang='lat' dir='ltr'><strong>iudicari</strong></span> <span class='ocrx_word' id='word_1_7' title='bbox 696 638 757 681; x_wconf 90' lang='lat' dir='ltr'><strong>non</strong></span> <span class='ocrx_word' id='word_1_8' title='bbox 786 617 916 701; x_wconf 86' lang='lat' dir='ltr'><strong>poterit,</strong></span> <span class='ocrx_word' id='word_1_9' title='bbox 941 623 1105 700; x_wconf 88' lang='lat' dir='ltr'><strong>autequam</strong></span> <span class='ocrx_word' id='word_1_10' title='bbox 1129 605 1246 700; x_wconf 74' lang='lat' dir='ltr'><strong>quida</strong></span> 
     </span>
     <span class='ocr_line' id='line_1_3' title="bbox 149 723 1243 810; baseline 0.001 -24"><span class='ocrx_word' id='word_1_11' title='bbox 149 724 283 787; x_wconf 87' lang='lat' dir='ltr'><strong>librariis</strong></span> <span class='ocrx_word' id='word_1_12' title='bbox 314 723 544 808; x_wconf 86' lang='lat' dir='ltr'><strong>pessumdatum</strong></span> <span class='ocrx_word' id='word_1_13' title='bbox 575 726 631 802; x_wconf 87' lang='lat' dir='ltr'><strong>sit,</strong></span> <span class='ocrx_word' id='word_1_14' title='bbox 663 729 812 810; x_wconf 84' lang='lat' dir='ltr'><strong>qnantum</strong></span> <span class='ocrx_word' id='word_1_15' title='bbox 845 726 910 789; x_wconf 84' lang='lat' dir='ltr'><strong>fleri</strong></span> <span class='ocrx_word' id='word_1_16' title='bbox 946 725 1041 809; x_wconf 81' lang='lat' dir='ltr'>possit</span> <span class='ocrx_word' id='word_1_17' title='bbox 1071 749 1089 788; x_wconf 85' lang='lat' dir='ltr'><strong>a</strong></span> <span class='ocrx_word' id='word_1_18' title='bbox 1117 724 1243 808; x_wconf 88' lang='lat' dir='ltr'><strong>reliquis</strong></span> 
     </span>
     <span class='ocr_line' id='line_1_4' title="bbox 149 832 1243 918; baseline -0.001 -21"><span class='ocrx_word' id='word_1_19' title='bbox 149 835 399 918; x_wconf 81' lang='lat' dir='ltr'><strong>separaverimus.</strong></span> <span class='ocrx_word' id='word_1_20' title='bbox 445 834 556 917; x_wconf 89' lang='lat' dir='ltr'><strong>Itaque</strong></span> <span class='ocrx_word' id='word_1_21' title='bbox 592 835 675 917; x_wconf 87' lang='lat' dir='ltr'><strong>(ntor</strong></span> <span class='ocrx_word' id='word_1_22' title='bbox 705 834 827 898; x_wconf 85' lang='lat' dir='ltr'><strong>Scheibi</strong></span> <span class='ocrx_word' id='word_1_23' title='bbox 858 834 1045 917; x_wconf 81' lang='lat' dir='ltr'><strong>recensione)</strong></span> <span class='ocrx_word' id='word_1_24' title='bbox 1075 832 1150 896; x_wconf 91' lang='lat' dir='ltr'><strong>haec</strong></span> <span class='ocrx_word' id='word_1_25' title='bbox 1182 833 1243 896; x_wconf 85' lang='lat' dir='ltr'><strong>fere</strong></span> 
     </span>
    </p>
   </div>
   <div class='ocr_carea' id='block_1_3' title="bbox 47 951 545 1029">
    <p class='ocr_par' dir='ltr' id='par_1_3' title="bbox 47 951 545 1029">
     <span class='ocr_line' id='line_1_5' title="bbox 47 951 545 1029; baseline 0 -22"><span class='ocrx_word' id='word_1_26' title='bbox 47 1019 48 1024; x_wconf 8' lang='grc' dir='ltr'>η</span> <span class='ocrx_word' id='word_1_27' title='bbox 149 951 295 1029; x_wconf 88' lang='lat' dir='ltr'><strong>corrupta</strong></span> <span class='ocrx_word' id='word_1_28' title='bbox 317 951 545 1007; x_wconf 87' lang='lat' dir='ltr'><strong>remanserunt:</strong></span> 
     </span>
    </p>
   </div>
   <div class='ocr_carea' id='block_1_4' title="bbox 110 1050 1245 4410">
    <p class='ocr_par' dir='ltr' id='par_1_4' title="bbox 110 1050 1244 2441">
     <span class='ocr_line' id='line_1_6' title="bbox 179 1050 1241 1137; baseline -0.002 -22"><span class='ocrx_word' id='word_1_29' title='bbox 179 1055 211 1137; x_wconf 67' lang='lat' dir='ltr'><strong>q</strong></span> <span class='ocrx_word' id='word_1_30' title='bbox 233 1056 264 1116; x_wconf 81' lang='lat'><strong>3.</strong></span> <span class='ocrx_word' id='word_1_31' title='bbox 311 1052 356 1115; x_wconf 78' lang='lat' dir='ltr'><strong>Eo</strong></span> <span class='ocrx_word' id='word_1_32' title='bbox 379 1052 495 1116; x_wconf 83' lang='lat' dir='ltr'><strong>redacti</strong></span> <span class='ocrx_word' id='word_1_33' title='bbox 518 1075 653 1131; x_wconf 86' lang='lat' dir='ltr'><strong>eramus,</strong></span> <span class='ocrx_word' id='word_1_34' title='bbox 677 1053 794 1136; x_wconf 89' lang='lat' dir='ltr'><strong>inquit,</strong></span> <span class='ocrx_word' id='word_1_35' title='bbox 815 1050 884 1117; x_wconf 71' lang='grc' dir='ltr'><em>ὥστ’</em></span> <span class='ocrx_word' id='word_1_36' title='bbox 903 1053 937 1116; x_wconf 77' lang='grc' dir='ltr'><strong>ἐκ</strong></span> <span class='ocrx_word' id='word_1_37' title='bbox 954 1060 1008 1126; x_wconf 79' lang='grc' dir='ltr'><strong>τῆς</strong></span> <span class='ocrx_word' id='word_1_38' title='bbox 1027 1053 1128 1116; x_wconf 85' lang='grc' dir='ltr'><em>τούτου</em></span> <span class='ocrx_word' id='word_1_39' title='bbox 1144 1053 1241 1130; x_wconf 73' lang='grc' dir='ltr'><em>χειρὸς</em></span> 
     </span>
     <span class='ocr_line' id='line_1_7' title="bbox 148 1161 1243 1245; baseline -0.003 -19"><span class='ocrx_word' id='word_1_40' title='bbox 148 1162 371 1239; x_wconf 82' lang='grc' dir='ltr'><em>τεταμιεύμεθα</em></span> <span class='ocrx_word' id='word_1_41' title='bbox 393 1163 459 1234; x_wconf 76' lang='grc' dir='ltr'><em>τοὺς</em></span> <span class='ocrx_word' id='word_1_42' title='bbox 482 1163 594 1238; x_wconf 81' lang='grc' dir='ltr'><strong><em>νόμους.</em></strong></span> <span class='ocrx_word' id='word_1_43' title='bbox 641 1162 817 1227; x_wconf 73' lang='lat' dir='ltr'><strong>Sententia:</strong></span> <span class='ocrx_word' id='word_1_44' title='bbox 842 1169 878 1225; x_wconf 92' lang='lat' dir='ltr'><strong>ut</strong></span> <span class='ocrx_word' id='word_1_45' title='bbox 900 1162 992 1225; x_wconf 90' lang='lat' dir='ltr'><strong>huius</strong></span> <span class='ocrx_word' id='word_1_46' title='bbox 1016 1161 1120 1224; x_wconf 91' lang='lat' dir='ltr'><strong>manui</strong></span> <span class='ocrx_word' id='word_1_47' title='bbox 1141 1182 1243 1245; x_wconf 89' lang='lat' dir='ltr'><strong>accep·</strong></span> 
     </span>
     <span class='ocr_line' id='line_1_8' title="bbox 148 1269 1243 1356; baseline -0.003 -21"><span class='ocrx_word' id='word_1_48' title='bbox 148 1280 196 1336; x_wconf 88' lang='lat' dir='ltr'><strong>tas</strong></span> <span class='ocrx_word' id='word_1_49' title='bbox 237 1273 418 1335; x_wconf 85' lang='lat' dir='ltr'><strong>referremus</strong></span> <span class='ocrx_word' id='word_1_50' title='bbox 453 1271 546 1356; x_wconf 87' lang='lat' dir='ltr'><strong>leges.</strong></span> <span class='ocrx_word' id='word_1_51' title='bbox 592 1270 807 1335; x_wconf 80' lang='lat' dir='ltr'><strong>Necessarium</strong></span> <span class='ocrx_word' id='word_1_52' title='bbox 837 1277 883 1333; x_wconf 88' lang='lat' dir='ltr'><strong>est</strong></span> <span class='ocrx_word' id='word_1_53' title='bbox 911 1269 1243 1355; x_wconf 75' lang='lat' dir='ltr'><strong>plusquamperfectum</strong></span> 
     </span>
     <span class='ocr_line' id='line_1_9' title="bbox 147 1377 1244 1465; baseline -0.005 -19"><span class='ocrx_word' id='word_1_54' title='bbox 147 1379 395 1459; x_wconf 84' lang='grc' dir='ltr'><em>ἕτεταμιεθμεθα.</em></span> <span class='ocrx_word' id='word_1_55' title='bbox 442 1381 489 1444; x_wconf 90' lang='lat' dir='ltr'><strong>De</strong></span> <span class='ocrx_word' id='word_1_56' title='bbox 520 1388 685 1465; x_wconf 89' lang='lat' dir='ltr'><strong>augmento</strong></span> <span class='ocrx_word' id='word_1_57' title='bbox 716 1381 755 1445; x_wconf 86' lang='lat' dir='ltr'><strong>cf.</strong></span> <span class='ocrx_word' id='word_1_58' title='bbox 785 1380 980 1444; x_wconf 89' lang='lat' dir='ltr'><strong>Herodianus</strong></span> <span class='ocrx_word' id='word_1_59' title='bbox 1003 1403 1050 1464; x_wconf 90' lang='lat' dir='ltr'><strong>ap.</strong></span> <span class='ocrx_word' id='word_1_60' title='bbox 1075 1378 1180 1442; x_wconf 86' lang='lat' dir='ltr'><strong>Herm.</strong></span> <span class='ocrx_word' id='word_1_61' title='bbox 1205 1377 1244 1441; x_wconf 87' lang='lat' dir='ltr'><strong>de</strong></span> 
     </span>
     <span class='ocr_line' id='line_1_10' title="bbox 147 1484 1243 1575; baseline -0.005 -20"><span class='ocrx_word' id='word_1_62' title='bbox 147 1515 207 1555; x_wconf 90' lang='lat' dir='ltr'><strong>em.</strong></span> <span class='ocrx_word' id='word_1_63' title='bbox 241 1498 297 1555; x_wconf 92' lang='lat' dir='ltr'><strong>rat.</strong></span> <span class='ocrx_word' id='word_1_64' title='bbox 330 1491 466 1555; x_wconf 84' lang='lat' dir='ltr'><strong>Gramm.</strong></span> <span class='ocrx_word' id='word_1_65' title='bbox 496 1491 551 1555; x_wconf 86' lang='lat' dir='ltr'><strong>Gr.</strong></span> <span class='ocrx_word' id='word_1_66' title='bbox 584 1514 613 1575; x_wconf 91' lang='lat' dir='ltr'><strong>p.</strong></span> <span class='ocrx_word' id='word_1_67' title='bbox 647 1493 730 1554; x_wconf 84' lang='lat'>311:</span> <span class='ocrx_word' id='word_1_68' title='bbox 755 1490 825 1555; x_wconf 78' lang='grc' dir='ltr'><em>είσίν</em></span> <span class='ocrx_word' id='word_1_69' title='bbox 847 1484 873 1554; x_wconf 86' lang='grc' dir='ltr'><strong>σί</strong></span> <span class='ocrx_word' id='word_1_70' title='bbox 895 1489 1083 1570; x_wconf 71' lang='grc' dir='ltr'><em>σφάλλονται</em></span> <span class='ocrx_word' id='word_1_71' title='bbox 1106 1490 1243 1564; x_wconf 77' lang='grc' dir='ltr'><em>λέγοντες</em></span> 
     </span>
     <span class='ocr_line' id='line_1_11' title="bbox 146 1596 1243 1680; baseline -0.004 -16"><span class='ocrx_word' id='word_1_72' title='bbox 146 1600 292 1672; x_wconf 77' lang='grc' dir='ltr'><em>δεθιθκειν,</em></span> <span class='ocrx_word' id='word_1_73' title='bbox 316 1601 352 1671; x_wconf 77' lang='grc' dir='ltr'><strong>ὡς</strong></span> <span class='ocrx_word' id='word_1_74' title='bbox 376 1601 572 1675; x_wconf 77' lang='grc' dir='ltr'><em>ἐπεποιήκειν.</em></span> <span class='ocrx_word' id='word_1_75' title='bbox 597 1599 707 1671; x_wconf 65' lang='grc' dir='ltr'><em>παντὸς</em></span> <span class='ocrx_word' id='word_1_76' title='bbox 730 1601 790 1677; x_wconf 73' lang='grc' dir='ltr'><strong>γὰρ</strong></span> <span class='ocrx_word' id='word_1_77' title='bbox 808 1597 1019 1680; x_wconf 68' lang='grc' dir='ltr'><strong>παρακειμένου</strong></span> <span class='ocrx_word' id='word_1_78' title='bbox 1036 1598 1163 1678; x_wconf 81' lang='grc' dir='ltr'><em>ῥήματος</em></span> <span class='ocrx_word' id='word_1_79' title='bbox 1183 1596 1243 1660; x_wconf 81' lang='grc' dir='ltr'><em>οίπθ</em></span> 
     </span>
     <span class='ocr_line' id='line_1_12' title="bbox 146 1703 1243 1790; baseline -0.004 -15"><span class='ocrx_word' id='word_1_80' title='bbox 146 1708 306 1790; x_wconf 73' lang='grc' dir='ltr'><strong>συμφώνου</strong></span> <span class='ocrx_word' id='word_1_81' title='bbox 333 1709 495 1789; x_wconf 79' lang='grc' dir='ltr'><em>σίρχομίνου</em></span> <span class='ocrx_word' id='word_1_82' title='bbox 521 1710 535 1775; x_wconf 87' lang='grc' dir='ltr'><em>θ</em></span> <span class='ocrx_word' id='word_1_83' title='bbox 566 1710 801 1787; x_wconf 79' lang='grc' dir='ltr'><em>ὑπερσυντθλικος</em></span> <span class='ocrx_word' id='word_1_84' title='bbox 835 1709 1056 1790; x_wconf 81' lang='grc' dir='ltr'><em>προςλαμβοίνει</em></span> <span class='ocrx_word' id='word_1_85' title='bbox 1086 1709 1120 1773; x_wconf 83' lang='grc' dir='ltr'><strong>τὸ</strong></span> <span class='ocrx_word' id='word_1_86' title='bbox 1143 1709 1167 1772; x_wconf 75' lang='grc' dir='ltr'><strong>ἓ.</strong></span> <span class='ocrx_word' id='word_1_87' title='bbox 1191 1703 1243 1773; x_wconf 87' lang='grc' dir='ltr'><em>οίον</em></span> 
     </span>
     <span class='ocr_line' id='line_1_13' title="bbox 146 1817 1241 1902; baseline -0.001 -20"><span class='ocrx_word' id='word_1_88' title='bbox 146 1818 276 1900; x_wconf 83' lang='grc' dir='ltr'><em>νένυχα,</em></span> <span class='ocrx_word' id='word_1_89' title='bbox 300 1819 446 1898; x_wconf 78' lang='grc' dir='ltr'><em>ε’νενύχειν</em></span> <span class='ocrx_word' id='word_1_90' title='bbox 469 1819 520 1883; x_wconf 76' lang='grc' dir='ltr'><em>καὶ</em></span> <span class='ocrx_word' id='word_1_91' title='bbox 541 1819 704 1902; x_wconf 75' lang='grc' dir='ltr'><em>βέβληκα,</em></span> <span class='ocrx_word' id='word_1_92' title='bbox 728 1819 916 1895; x_wconf 81' lang='grc' dir='ltr'><em>ἐβεβλήιιειν·</em></span> <span class='ocrx_word' id='word_1_93' title='bbox 942 1817 1013 1884; x_wconf 82' lang='grc' dir='ltr'><em>οὕτω</em></span> <span class='ocrx_word' id='word_1_94' title='bbox 1036 1819 1086 1882; x_wconf 78' lang='grc' dir='ltr'><em>καί</em></span> <span class='ocrx_word' id='word_1_95' title='bbox 1111 1820 1171 1882; x_wconf 84' lang='grc' dir='ltr'><em>οίπὸ</em></span> <span class='ocrx_word' id='word_1_96' title='bbox 1190 1823 1241 1882; x_wconf 80' lang='grc' dir='ltr'><strong>τοῦ</strong></span> 
     </span>
     <span class='ocr_line' id='line_1_14' title="bbox 146 1925 1242 2012; baseline -0.001 -22"><span class='ocrx_word' id='word_1_97' title='bbox 146 1926 258 1990; x_wconf 74' lang='grc' dir='ltr'><em>δέδωκα</em></span> <span class='ocrx_word' id='word_1_98' title='bbox 284 1927 434 1993; x_wconf 73' lang='grc' dir='ltr'><em>ἐδεδοίκειν.</em></span> <span class='ocrx_word' id='word_1_99' title='bbox 471 1928 565 2012; x_wconf 88' lang='lat' dir='ltr'><strong>Apud</strong></span> <span class='ocrx_word' id='word_1_100' title='bbox 589 1928 845 2012; x_wconf 80' lang='lat' dir='ltr'><strong>Aristophanem,</strong></span> <span class='ocrx_word' id='word_1_101' title='bbox 870 1927 960 1991; x_wconf 89' lang='lat' dir='ltr'><strong>modo</strong></span> <span class='ocrx_word' id='word_1_102' title='bbox 986 1927 1165 2011; x_wconf 80' lang='lat' dir='ltr'><strong>aphaeresin</strong></span> <span class='ocrx_word' id='word_1_103' title='bbox 1188 1925 1242 1989; x_wconf 93' lang='lat' dir='ltr'><strong>ob-</strong></span> 
     </span>
     <span class='ocr_line' id='line_1_15' title="bbox 147 2035 1242 2121; baseline 0 -23"><span class='ocrx_word' id='word_1_104' title='bbox 147 2057 265 2112; x_wconf 89' lang='lat' dir='ltr'><strong>serves,</strong></span> <span class='ocrx_word' id='word_1_105' title='bbox 297 2058 450 2121; x_wconf 87' lang='lat' dir='ltr'><strong>nusquam</strong></span> <span class='ocrx_word' id='word_1_106' title='bbox 483 2037 521 2102; x_wconf 91' lang='lat' dir='ltr'><strong>ab</strong></span> <span class='ocrx_word' id='word_1_107' title='bbox 553 2037 610 2101; x_wconf 88' lang='lat' dir='ltr'><strong>hac</strong></span> <span class='ocrx_word' id='word_1_108' title='bbox 641 2036 748 2121; x_wconf 88' lang='lat' dir='ltr'><strong>regula</strong></span> <span class='ocrx_word' id='word_1_109' title='bbox 779 2037 954 2113; x_wconf 86' lang='lat' dir='ltr'><strong>aberratur;</strong></span> <span class='ocrx_word' id='word_1_110' title='bbox 986 2059 1080 2120; x_wconf 88' lang='lat' dir='ltr'><strong>quare</strong></span> <span class='ocrx_word' id='word_1_111' title='bbox 1103 2037 1141 2100; x_wconf 88' lang='lat' dir='ltr'><strong>iis</strong></span> <span class='ocrx_word' id='word_1_112' title='bbox 1164 2035 1242 2098; x_wconf 91' lang='lat' dir='ltr'><strong>locis</strong></span> 
     </span>
     <span class='ocr_line' id='line_1_16' title="bbox 147 2143 1243 2230; baseline 0.001 -23"><span class='ocrx_word' id='word_1_113' title='bbox 147 2144 201 2208; x_wconf 89' lang='lat' dir='ltr'><strong>nbi</strong></span> <span class='ocrx_word' id='word_1_114' title='bbox 234 2145 267 2207; x_wconf 91' lang='lat' dir='ltr'><strong>in</strong></span> <span class='ocrx_word' id='word_1_115' title='bbox 298 2143 385 2209; x_wconf 86' lang='lat' dir='ltr'><strong>libris</strong></span> <span class='ocrx_word' id='word_1_116' title='bbox 415 2152 614 2230; x_wconf 88' lang='lat' dir='ltr'><strong>augmentum</strong></span> <span class='ocrx_word' id='word_1_117' title='bbox 647 2145 838 2230; x_wconf 79' lang='lat' dir='ltr'><strong>neglegitur,</strong></span> <span class='ocrx_word' id='word_1_118' title='bbox 867 2153 936 2209; x_wconf 88' lang='lat' dir='ltr'><strong>tuto</strong></span> <span class='ocrx_word' id='word_1_119' title='bbox 968 2153 1069 2230; x_wconf 89' lang='lat' dir='ltr'><strong>potest</strong></span> <span class='ocrx_word' id='word_1_120' title='bbox 1092 2144 1181 2222; x_wconf 90' lang='lat' dir='ltr'><strong>addi,</strong></span> <span class='ocrx_word' id='word_1_121' title='bbox 1206 2153 1243 2208; x_wconf 93' lang='lat' dir='ltr'><strong>ut</strong></span> 
     </span>
     <span class='ocr_line' id='line_1_17' title="bbox 110 2252 1241 2332; baseline 0.002 -16"><span class='ocrx_word' id='word_1_122' title='bbox 110 2281 114 2288; x_wconf 89' lang='lat'>·</span> <span class='ocrx_word' id='word_1_123' title='bbox 146 2254 265 2317; x_wconf 87' lang='lat' dir='ltr'><strong>factum</strong></span> <span class='ocrx_word' id='word_1_124' title='bbox 291 2253 370 2317; x_wconf 88' lang='lat' dir='ltr'><strong>Xen.</strong></span> <span class='ocrx_word' id='word_1_125' title='bbox 398 2254 480 2318; x_wconf 93' lang='lat' dir='ltr'><strong>Hell.</strong></span> <span class='ocrx_word' id='word_1_126' title='bbox 505 2252 561 2318; x_wconf 75' lang='lat' dir='ltr'><strong>IV.</strong></span> <span class='ocrx_word' id='word_1_127' title='bbox 588 2257 618 2318; x_wconf 85' lang='lat'><strong>5.</strong></span> <span class='ocrx_word' id='word_1_128' title='bbox 644 2258 682 2317; x_wconf 81' lang='lat'><strong>4:</strong></span> <span class='ocrx_word' id='word_1_129' title='bbox 706 2254 930 2332; x_wconf 70' lang='grc' dir='ltr'><strong>ἀνεβεβήκεσαν</strong></span> <span class='ocrx_word' id='word_1_130' title='bbox 954 2262 985 2318; x_wconf 90' lang='lat' dir='ltr'><strong>et</strong></span> <span class='ocrx_word' id='word_1_131' title='bbox 1007 2253 1046 2319; x_wconf 88' lang='lat' dir='ltr'><strong>V.</strong></span> <span class='ocrx_word' id='word_1_132' title='bbox 1072 2259 1102 2319; x_wconf 81' lang='lat'><strong>3.</strong></span> <span class='ocrx_word' id='word_1_133' title='bbox 1130 2257 1165 2318; x_wconf 83' lang='lat' dir='ltr'><strong>l:</strong></span> <span class='ocrx_word' id='word_1_134' title='bbox 1189 2278 1241 2318; x_wconf 90' lang='grc' dir='ltr'><em>κοι-</em></span> 
     </span>
     <span class='ocr_line' id='line_1_18' title="bbox 146 2363 409 2441; baseline 0 -15"><span class='ocrx_word' id='word_1_135' title='bbox 146 2363 409 2441; x_wconf 72' lang='grc' dir='ltr'><em>τεθεδραμήκεσοον.</em></span> 
     </span>
    </p>

    <p class='ocr_par' dir='ltr' id='par_1_5' title="bbox 148 2468 1243 2774">
     <span class='ocr_line' id='line_1_19' title="bbox 192 2468 1243 2556; baseline 0.001 -21"><span class='ocrx_word' id='word_1_136' title='bbox 192 2474 265 2556; x_wconf 68' lang='lat' dir='ltr'><strong>§a</strong></span> <span class='ocrx_word' id='word_1_137' title='bbox 311 2472 361 2536; x_wconf 80' lang='grc' dir='ltr'><em>καὶ</em></span> <span class='ocrx_word' id='word_1_138' title='bbox 392 2473 451 2552; x_wconf 80' lang='grc' dir='ltr'><em>γοίρ</em></span> <span class='ocrx_word' id='word_1_139' title='bbox 481 2497 540 2554; x_wconf 84' lang='grc' dir='ltr'><em>τοι,</em></span> <span class='ocrx_word' id='word_1_140' title='bbox 573 2468 593 2536; x_wconf 80' lang='grc' dir='ltr'><strong><em>ὦ</em></strong></span> <span class='ocrx_word' id='word_1_141' title='bbox 626 2473 724 2552; x_wconf 76' lang='grc' dir='ltr'><em>ίίνθρες</em></span> <span class='ocrx_word' id='word_1_142' title='bbox 755 2473 892 2537; x_wconf 71' lang='grc' dir='ltr'><em>δικασταί</em></span> <span class='ocrx_word' id='word_1_143' title='bbox 897 2522 906 2546; x_wconf 91' lang='grc'><em>,</em></span> <span class='ocrx_word' id='word_1_144' title='bbox 933 2510 979 2520; x_wconf 97' lang='grc'>-</span> <span class='ocrx_word' id='word_1_145' title='bbox 1000 2471 1100 2535; x_wconf 78' lang='grc' dir='ltr'><strong>ὁποίαν</strong></span> <span class='ocrx_word' id='word_1_146' title='bbox 1121 2471 1171 2535; x_wconf 81' lang='grc' dir='ltr'><em>καί</em></span> <span class='ocrx_word' id='word_1_147' title='bbox 1194 2479 1243 2536; x_wconf 78' lang='grc' dir='ltr'><strong>νῦν</strong></span> 
     </span>
     <span class='ocr_line' id='line_1_20' title="bbox 148 2578 1242 2665; baseline 0.001 -22"><span class='ocrx_word' id='word_1_148' title='bbox 148 2583 202 2655; x_wconf 79' lang='grc' dir='ltr'><strong>τήν</strong></span> <span class='ocrx_word' id='word_1_149' title='bbox 225 2581 321 2660; x_wconf 78' lang='grc' dir='ltr'><em>οίρχήν</em></span> <span class='ocrx_word' id='word_1_150' title='bbox 343 2582 562 2657; x_wconf 83' lang='grc' dir='ltr'><em>κατεστήσατο;</em></span> <span class='ocrx_word' id='word_1_151' title='bbox 586 2580 765 2665; x_wconf 75' lang='lat' dir='ltr'><strong>Lugendum</strong></span> <span class='ocrx_word' id='word_1_152' title='bbox 788 2582 932 2646; x_wconf 87' lang='lat' dir='ltr'><strong>sortasse:</strong></span> <span class='ocrx_word' id='word_1_153' title='bbox 954 2581 1030 2662; x_wconf 78' lang='grc' dir='ltr'><em>θρίιθ</em></span> <span class='ocrx_word' id='word_1_154' title='bbox 1045 2578 1115 2645; x_wconf 88' lang='grc' dir='ltr'><em>οίοιν.</em></span> <span class='ocrx_word' id='word_1_155' title='bbox 1139 2579 1242 2645; x_wconf 78' lang='lat' dir='ltr'><strong>Facile</strong></span> 
     </span>
     <span class='ocr_line' id='line_1_21' title="bbox 149 2688 884 2774; baseline 0 -20"><span class='ocrx_word' id='word_1_156' title='bbox 149 2689 233 2754; x_wconf 88' lang='lat' dir='ltr'><strong>enim</strong></span> <span class='ocrx_word' id='word_1_157' title='bbox 256 2688 376 2772; x_wconf 90' lang='lat' dir='ltr'><strong>aliquot</strong></span> <span class='ocrx_word' id='word_1_158' title='bbox 399 2689 520 2754; x_wconf 87' lang='lat' dir='ltr'><strong>litterae</strong></span> <span class='ocrx_word' id='word_1_159' title='bbox 545 2689 682 2754; x_wconf 78' lang='lat' dir='ltr'><strong>excidere</strong></span> <span class='ocrx_word' id='word_1_160' title='bbox 706 2697 884 2774; x_wconf 89' lang='lat' dir='ltr'><strong>potuerunt.</strong></span> 
     </span>
    </p>

    <p class='ocr_par' dir='ltr' id='par_1_6' title="bbox 147 2795 1245 3191">
     <span class='ocr_line' id='line_1_22' title="bbox 195 2795 1242 2881; baseline 0 -18"><span class='ocrx_word' id='word_1_161' title='bbox 195 2799 244 2863; x_wconf 94' lang='lat' dir='ltr'><strong>Ib.</strong></span> <span class='ocrx_word' id='word_1_162' title='bbox 291 2799 341 2863; x_wconf 80' lang='grc' dir='ltr'><em>καί</em></span> <span class='ocrx_word' id='word_1_163' title='bbox 372 2796 428 2863; x_wconf 85' lang='grc' dir='ltr'><em>θσοι</em></span> <span class='ocrx_word' id='word_1_164' title='bbox 457 2799 639 2881; x_wconf 72' lang='grc' dir='ltr'><strong>διαχειρίσας</strong></span> <span class='ocrx_word' id='word_1_165' title='bbox 665 2799 750 2876; x_wconf 79' lang='grc' dir='ltr'><strong><em>μόνος</em></strong></span> <span class='ocrx_word' id='word_1_166' title='bbox 774 2795 931 2871; x_wconf 65' lang='lat' dir='ltr'><strong>calametis</strong></span> <span class='ocrx_word' id='word_1_167' title='bbox 954 2797 1102 2880; x_wconf 75' lang='grc' dir='ltr'><em>οίρξοίντιον</em></span> <span class='ocrx_word' id='word_1_168' title='bbox 1125 2800 1242 2872; x_wconf 78' lang='grc' dir='ltr'><em>εὐθύνας</em></span> 
     </span>
     <span class='ocr_line' id='line_1_23' title="bbox 148 2907 1245 2994; baseline -0.002 -20"><span class='ocrx_word' id='word_1_169' title='bbox 148 2914 199 2975; x_wconf 86' lang='grc' dir='ltr'><strong>οὐκ</strong></span> <span class='ocrx_word' id='word_1_170' title='bbox 231 2909 343 2973; x_wconf 74' lang='grc' dir='ltr'><em>ἔδωκεν.</em></span> <span class='ocrx_word' id='word_1_171' title='bbox 389 2907 438 2972; x_wconf 92' lang='lat' dir='ltr'><strong>Ne</strong></span> <span class='ocrx_word' id='word_1_172' title='bbox 465 2908 524 2973; x_wconf 91' lang='lat' dir='ltr'><strong>hoc</strong></span> <span class='ocrx_word' id='word_1_173' title='bbox 547 2909 673 2994; x_wconf 87' lang='lat' dir='ltr'><strong>quidem</strong></span> <span class='ocrx_word' id='word_1_174' title='bbox 697 2910 830 2972; x_wconf 87' lang='lat' dir='ltr'><strong>auctoris</strong></span> <span class='ocrx_word' id='word_1_175' title='bbox 853 2910 1007 2989; x_wconf 71' lang='grc' dir='ltr'><em>σφάλμα,</em></span> <span class='ocrx_word' id='word_1_176' title='bbox 1031 2907 1084 2971; x_wconf 89' lang='lat' dir='ltr'><strong>sed</strong></span> <span class='ocrx_word' id='word_1_177' title='bbox 1107 2908 1245 2972; x_wconf 88' lang='lat' dir='ltr'><strong>librario·</strong></span> 
     </span>
     <span class='ocr_line' id='line_1_24' title="bbox 147 3017 1244 3102; baseline -0.002 -19"><span class='ocrx_word' id='word_1_178' title='bbox 147 3041 229 3083; x_wconf 88' lang='lat' dir='ltr'><strong>rum.</strong></span> <span class='ocrx_word' id='word_1_179' title='bbox 276 3017 351 3102; x_wconf 87' lang='lat' dir='ltr'><strong>Leg.</strong></span> <span class='ocrx_word' id='word_1_180' title='bbox 382 3018 432 3082; x_wconf 81' lang='grc' dir='ltr'><em>καί</em></span> <span class='ocrx_word' id='word_1_181' title='bbox 461 3017 517 3082; x_wconf 84' lang='grc' dir='ltr'><em>θσα</em></span> <span class='ocrx_word' id='word_1_182' title='bbox 547 3017 660 3090; x_wconf 75' lang='grc' dir='ltr'><em>οὐδεὶς</em></span> <span class='ocrx_word' id='word_1_183' title='bbox 692 3018 836 3082; x_wconf 83' lang='grc' dir='ltr'><em>πώποτε</em></span> <span class='ocrx_word' id='word_1_184' title='bbox 866 3018 949 3096; x_wconf 66' lang='lat' dir='ltr'><strong>trax.</strong></span> <span class='ocrx_word' id='word_1_185' title='bbox 996 3017 1153 3082; x_wconf 85' lang='lat' dir='ltr'><strong>Lacunam</strong></span> <span class='ocrx_word' id='word_1_186' title='bbox 1180 3020 1244 3082; x_wconf 91' lang='lat' dir='ltr'><strong>ani-</strong></span> 
     </span>
     <span class='ocr_line' id='line_1_25' title="bbox 149 3125 494 3191; baseline -0.006 0"><span class='ocrx_word' id='word_1_187' title='bbox 149 3126 318 3191; x_wconf 86' lang='lat' dir='ltr'><strong>madvertit</strong></span> <span class='ocrx_word' id='word_1_188' title='bbox 340 3125 494 3190; x_wconf 79' lang='lat' dir='ltr'><strong>Reislrius.</strong></span> 
     </span>
    </p>

    <p class='ocr_par' dir='ltr' id='par_1_7' title="bbox 148 3233 1244 3974">
     <span class='ocr_line' id='line_1_26' title="bbox 192 3233 1243 3321; baseline 0.003 -25"><span class='ocrx_word' id='word_1_189' title='bbox 192 3239 210 3321; x_wconf 64' lang='lat' dir='ltr'><strong>q</strong></span> <span class='ocrx_word' id='word_1_190' title='bbox 235 3237 265 3298; x_wconf 84' lang='lat'><strong>6.</strong></span> <span class='ocrx_word' id='word_1_191' title='bbox 313 3234 584 3298; x_wconf 88' lang='lat' dir='ltr'><strong>Animadvertatur</strong></span> <span class='ocrx_word' id='word_1_192' title='bbox 606 3233 698 3298; x_wconf 92' lang='lat' dir='ltr'><strong>velim</strong></span> <span class='ocrx_word' id='word_1_193' title='bbox 718 3234 832 3298; x_wconf 87' lang='lat' dir='ltr'><strong>resumi</strong></span> <span class='ocrx_word' id='word_1_194' title='bbox 848 3233 989 3298; x_wconf 88' lang='lat' dir='ltr'><strong>hocloco</strong></span> <span class='ocrx_word' id='word_1_195' title='bbox 1005 3257 1084 3318; x_wconf 90' lang='lat' dir='ltr'><strong>quae</strong></span> <span class='ocrx_word' id='word_1_196' title='bbox 1100 3236 1137 3299; x_wconf 91' lang='lat' dir='ltr'><strong>ab</strong></span> <span class='ocrx_word' id='word_1_197' title='bbox 1153 3236 1243 3299; x_wconf 88' lang='lat' dir='ltr'><strong>initio</strong></span> 
     </span>
     <span class='ocr_line' id='line_1_27' title="bbox 148 3342 1244 3429; baseline 0.001 -22"><span class='ocrx_word' id='word_1_198' title='bbox 148 3344 232 3409; x_wconf 89' lang='lat' dir='ltr'><strong>dicta</strong></span> <span class='ocrx_word' id='word_1_199' title='bbox 257 3349 347 3421; x_wconf 81' lang='lat' dir='ltr'><strong>suut3</strong></span> <span class='ocrx_word' id='word_1_200' title='bbox 368 3344 501 3429; x_wconf 88' lang='lat' dir='ltr'><strong>graviter</strong></span> <span class='ocrx_word' id='word_1_201' title='bbox 520 3342 574 3406; x_wconf 90' lang='lat' dir='ltr'><strong>illa</strong></span> <span class='ocrx_word' id='word_1_202' title='bbox 589 3342 646 3407; x_wconf 89' lang='lat' dir='ltr'><strong>hac</strong></span> <span class='ocrx_word' id='word_1_203' title='bbox 661 3343 918 3423; x_wconf 80' lang='grc' dir='ltr'><em>οὶνακεφαλοιιιθσει</em></span> <span class='ocrx_word' id='word_1_204' title='bbox 934 3350 1117 3427; x_wconf 89' lang='lat' dir='ltr'><strong>repetuntur</strong></span> <span class='ocrx_word' id='word_1_205' title='bbox 1122 3370 1131 3422; x_wconf 83' lang='lat'>3</span> <span class='ocrx_word' id='word_1_206' title='bbox 1149 3368 1244 3429; x_wconf 88' lang='lat' dir='ltr'><strong>quare</strong></span> 
     </span>
     <span class='ocr_line' id='line_1_28' title="bbox 148 3450 1244 3536; baseline 0 -19"><span class='ocrx_word' id='word_1_207' title='bbox 148 3452 226 3517; x_wconf 88' lang='lat' dir='ltr'><strong>mihi</strong></span> <span class='ocrx_word' id='word_1_208' title='bbox 258 3451 383 3536; x_wconf 89' lang='lat' dir='ltr'><strong>quidem</strong></span> <span class='ocrx_word' id='word_1_209' title='bbox 412 3452 503 3517; x_wconf 91' lang='lat' dir='ltr'><strong>nimis</strong></span> <span class='ocrx_word' id='word_1_210' title='bbox 527 3460 620 3516; x_wconf 90' lang='lat' dir='ltr'><strong>tenue</strong></span> <span class='ocrx_word' id='word_1_211' title='bbox 644 3451 765 3515; x_wconf 86' lang='lat' dir='ltr'><strong>videtur</strong></span> <span class='ocrx_word' id='word_1_212' title='bbox 788 3450 871 3536; x_wconf 88' lang='lat' dir='ltr'><strong>quod</strong></span> <span class='ocrx_word' id='word_1_213' title='bbox 894 3450 986 3515; x_wconf 85' lang='lat' dir='ltr'><strong>hodie</strong></span> <span class='ocrx_word' id='word_1_214' title='bbox 1009 3475 1045 3516; x_wconf 85' lang='lat' dir='ltr'><strong>ex</strong></span> <span class='ocrx_word' id='word_1_215' title='bbox 1069 3455 1244 3518; x_wconf 89' lang='lat' dir='ltr'><strong>coniectura</strong></span> 
     </span>
     <span class='ocr_line' id='line_1_29' title="bbox 148 3561 1242 3647; baseline 0.001 -21"><span class='ocrx_word' id='word_1_216' title='bbox 148 3563 180 3628; x_wconf 90' lang='lat' dir='ltr'><strong>in</strong></span> <span class='ocrx_word' id='word_1_217' title='bbox 213 3563 274 3626; x_wconf 88' lang='lat' dir='ltr'><strong>fine</strong></span> <span class='ocrx_word' id='word_1_218' title='bbox 304 3561 456 3626; x_wconf 85' lang='lat' dir='ltr'><strong>adscitum</strong></span> <span class='ocrx_word' id='word_1_219' title='bbox 487 3570 534 3627; x_wconf 94' lang='lat' dir='ltr'><strong>est</strong></span> <span class='ocrx_word' id='word_1_220' title='bbox 565 3563 722 3637; x_wconf 73' lang='grc' dir='ltr'><em>ποιήσασθε</em></span> <span class='ocrx_word' id='word_1_221' title='bbox 752 3584 807 3646; x_wconf 88' lang='lat' dir='ltr'><strong>pro</strong></span> <span class='ocrx_word' id='word_1_222' title='bbox 836 3562 1019 3635; x_wconf 87' lang='grc' dir='ltr'><em>ποιήσασθαι.</em></span> <span class='ocrx_word' id='word_1_223' title='bbox 1066 3562 1135 3625; x_wconf 92' lang='lat' dir='ltr'><strong>Hoc</strong></span> <span class='ocrx_word' id='word_1_224' title='bbox 1157 3584 1242 3647; x_wconf 89' lang='lat' dir='ltr'><strong>repo-</strong></span> 
     </span>
     <span class='ocr_line' id='line_1_30' title="bbox 148 3669 1241 3756; baseline -0.001 -20"><span class='ocrx_word' id='word_1_225' title='bbox 148 3671 287 3736; x_wconf 88' lang='lat' dir='ltr'><strong>nendum</strong></span> <span class='ocrx_word' id='word_1_226' title='bbox 310 3672 428 3756; x_wconf 90' lang='lat' dir='ltr'><strong>opinor.</strong></span> <span class='ocrx_word' id='word_1_227' title='bbox 474 3670 593 3735; x_wconf 87' lang='lat' dir='ltr'><strong>Locum</strong></span> <span class='ocrx_word' id='word_1_228' title='bbox 616 3671 786 3755; x_wconf 83' lang='lat' dir='ltr'><strong>longiorem</strong></span> <span class='ocrx_word' id='word_1_229' title='bbox 810 3692 872 3735; x_wconf 91' lang='lat' dir='ltr'><strong>nou</strong></span> <span class='ocrx_word' id='word_1_230' title='bbox 896 3669 1051 3748; x_wconf 87' lang='lat' dir='ltr'><strong>exscribo,</strong></span> <span class='ocrx_word' id='word_1_231' title='bbox 1076 3669 1129 3734; x_wconf 89' lang='lat' dir='ltr'><strong>sed</strong></span> <span class='ocrx_word' id='word_1_232' title='bbox 1147 3673 1241 3735; x_wconf 89' lang='lat' dir='ltr'><strong>moni-</strong></span> 
     </span>
     <span class='ocr_line' id='line_1_31' title="bbox 149 3779 1241 3865; baseline 0.002 -22"><span class='ocrx_word' id='word_1_233' title='bbox 149 3788 201 3844; x_wconf 85' lang='lat' dir='ltr'><strong>tus</strong></span> <span class='ocrx_word' id='word_1_234' title='bbox 225 3779 334 3864; x_wconf 90' lang='lat' dir='ltr'><strong>opinor</strong></span> <span class='ocrx_word' id='word_1_235' title='bbox 349 3781 482 3865; x_wconf 86' lang='lat' dir='ltr'><strong>quisque</strong></span> <span class='ocrx_word' id='word_1_236' title='bbox 498 3781 610 3844; x_wconf 89' lang='lat' dir='ltr'><strong>sentiet</strong></span> <span class='ocrx_word' id='word_1_237' title='bbox 625 3780 781 3854; x_wconf 74' lang='grc' dir='ltr'><em>ποιήσασθε</em></span> <span class='ocrx_word' id='word_1_238' title='bbox 796 3802 934 3865; x_wconf 89' lang='lat' dir='ltr'><strong>pugnare</strong></span> <span class='ocrx_word' id='word_1_239' title='bbox 949 3802 1077 3844; x_wconf 90' lang='lat' dir='ltr'><strong>numero</strong></span> <span class='ocrx_word' id='word_1_240' title='bbox 1092 3781 1241 3860; x_wconf 88' lang='lat' dir='ltr'><strong>oratorio,</strong></span> 
     </span>
     <span class='ocr_line' id='line_1_32' title="bbox 150 3888 1090 3974; baseline 0.001 -22"><span class='ocrx_word' id='word_1_241' title='bbox 150 3911 247 3972; x_wconf 89' lang='lat' dir='ltr'><strong>eoque</strong></span> <span class='ocrx_word' id='word_1_242' title='bbox 270 3889 370 3973; x_wconf 90' lang='lat' dir='ltr'><strong>posito</strong></span> <span class='ocrx_word' id='word_1_243' title='bbox 394 3888 482 3953; x_wconf 80' lang='grc' dir='ltr'><em>αὐτὸν</em></span> <span class='ocrx_word' id='word_1_244' title='bbox 506 3888 631 3952; x_wconf 89' lang='grc' dir='ltr'><em>κολοίσαι</em></span> <span class='ocrx_word' id='word_1_245' title='bbox 654 3889 757 3952; x_wconf 90' lang='lat' dir='ltr'><strong>nescio</strong></span> <span class='ocrx_word' id='word_1_246' title='bbox 781 3889 933 3972; x_wconf 88' lang='lat' dir='ltr'><strong>quomodo</strong></span> <span class='ocrx_word' id='word_1_247' title='bbox 956 3889 1090 3974; x_wconf 85' lang='lat' dir='ltr'><strong>frigeret.</strong></span> 
     </span>
    </p>

    <p class='ocr_par' dir='ltr' id='par_1_8' title="bbox 149 3996 1242 4410">
     <span class='ocr_line' id='line_1_33' title="bbox 195 3996 1242 4080; baseline 0.004 -21"><span class='ocrx_word' id='word_1_248' title='bbox 195 3997 213 4079; x_wconf 65' lang='lat' dir='ltr'><strong>t</strong></span> <span class='ocrx_word' id='word_1_249' title='bbox 236 3998 265 4060; x_wconf 82' lang='grc' dir='ltr'><strong>θ.</strong></span> <span class='ocrx_word' id='word_1_250' title='bbox 312 3997 360 4060; x_wconf 91' lang='lat' dir='ltr'><strong>De</strong></span> <span class='ocrx_word' id='word_1_251' title='bbox 383 3996 535 4061; x_wconf 86' lang='lat' dir='ltr'><strong>sententia</strong></span> <span class='ocrx_word' id='word_1_252' title='bbox 557 3997 616 4061; x_wconf 92' lang='lat' dir='ltr'><strong>loci</strong></span> <span class='ocrx_word' id='word_1_253' title='bbox 640 3997 748 4062; x_wconf 80' lang='grc' dir='ltr'><em>τούτων</em></span> <span class='ocrx_word' id='word_1_254' title='bbox 772 3997 881 4080; x_wconf 85' lang='lat' dir='ltr'><strong>(Palat.</strong></span> <span class='ocrx_word' id='word_1_255' title='bbox 904 3999 972 4080; x_wconf 82' lang='grc' dir='ltr'><em>τῶν)</em></span> <span class='ocrx_word' id='word_1_256' title='bbox 995 4005 1120 4062; x_wconf 77' lang='grc' dir='ltr'><em>τοιαῦτα</em></span> <span class='ocrx_word' id='word_1_257' title='bbox 1142 3998 1242 4076; x_wconf 69' lang='grc' dir='ltr'><em>λενθν-</em></span> 
     </span>
     <span class='ocr_line' id='line_1_34' title="bbox 149 4106 1239 4187; baseline 0.002 -17"><span class='ocrx_word' id='word_1_258' title='bbox 149 4129 207 4170; x_wconf 86' lang='grc' dir='ltr'><strong>των</strong></span> <span class='ocrx_word' id='word_1_259' title='bbox 237 4107 270 4169; x_wconf 86' lang='grc' dir='ltr'><strong>ἔκ</strong></span> <span class='ocrx_word' id='word_1_260' title='bbox 295 4113 351 4169; x_wconf 76' lang='grc' dir='ltr'><strong>τῶν</strong></span> <span class='ocrx_word' id='word_1_261' title='bbox 373 4107 563 4187; x_wconf 80' lang='grc' dir='ltr'><em>τετρακοσίων</em></span> <span class='ocrx_word' id='word_1_262' title='bbox 586 4113 671 4171; x_wconf 81' lang='grc' dir='ltr'><em>πλεῖν</em></span> <span class='ocrx_word' id='word_1_263' title='bbox 695 4107 711 4181; x_wconf 88' lang='grc' dir='ltr'><em>ή</em></span> <span class='ocrx_word' id='word_1_264' title='bbox 738 4106 827 4187; x_wconf 80' lang='grc' dir='ltr'><em>χίλιοι</em></span> <span class='ocrx_word' id='word_1_265' title='bbox 850 4106 1020 4184; x_wconf 69' lang='grc' dir='ltr'><em>γενήσονται</em></span> <span class='ocrx_word' id='word_1_266' title='bbox 1040 4112 1177 4184; x_wconf 87' lang='lat' dir='ltr'><strong>constat,</strong></span> <span class='ocrx_word' id='word_1_267' title='bbox 1201 4107 1239 4172; x_wconf 88' lang='lat' dir='ltr'><strong>de</strong></span> 
     </span>
     <span class='ocr_line' id='line_1_35' title="bbox 150 4213 1240 4301; baseline 0.003 -25"><span class='ocrx_word' id='word_1_268' title='bbox 150 4214 267 4291; x_wconf 83' lang='lat' dir='ltr'><strong>verbis,</strong></span> <span class='ocrx_word' id='word_1_269' title='bbox 297 4213 409 4297; x_wconf 90' lang='lat' dir='ltr'><strong>quibus</strong></span> <span class='ocrx_word' id='word_1_270' title='bbox 439 4237 514 4278; x_wconf 89' lang='lat' dir='ltr'><strong>usus</strong></span> <span class='ocrx_word' id='word_1_271' title='bbox 546 4216 587 4279; x_wconf 85' lang='lat' dir='ltr'><strong>sit</strong></span> <span class='ocrx_word' id='word_1_272' title='bbox 618 4224 744 4293; x_wconf 88' lang='lat' dir='ltr'><strong>auctor,</strong></span> <span class='ocrx_word' id='word_1_273' title='bbox 776 4222 942 4301; x_wconf 89' lang='lat' dir='ltr'><strong>pugnatur.</strong></span> <span class='ocrx_word' id='word_1_274' title='bbox 978 4215 1144 4300; x_wconf 84' lang='lat' dir='ltr'><strong>Requiras:</strong></span> <span class='ocrx_word' id='word_1_275' title='bbox 1168 4217 1240 4294; x_wconf 84' lang='lat' dir='ltr'><strong>„his</strong></span> 
     </span>
     <span class='ocr_line' id='line_1_36' title="bbox 150 4321 1238 4410; baseline 0.004 -24"><span class='ocrx_word' id='word_1_276' title='bbox 150 4322 225 4386; x_wconf 88' lang='lat' dir='ltr'><strong>talia</strong></span> <span class='ocrx_word' id='word_1_277' title='bbox 249 4321 459 4388; x_wconf 88' lang='lat' dir='ltr'><strong>obtinentibus</strong></span> <span class='ocrx_word' id='word_1_278' title='bbox 483 4323 531 4387; x_wconf 86' lang='lat' dir='ltr'><strong>vel</strong></span> <span class='ocrx_word' id='word_1_279' title='bbox 554 4324 794 4408; x_wconf 85' lang='lat' dir='ltr'><strong>approbantibus</strong></span> <span class='ocrx_word' id='word_1_280' title='bbox 802 4324 833 4403; x_wconf 84' lang='lat'><strong>,’&#39;</strong></span> <span class='ocrx_word' id='word_1_281' title='bbox 856 4326 964 4410; x_wconf 90' lang='lat' dir='ltr'><strong>utique</strong></span> <span class='ocrx_word' id='word_1_282' title='bbox 986 4323 1097 4390; x_wconf 88' lang='lat' dir='ltr'><strong>fortius</strong></span> <span class='ocrx_word' id='word_1_283' title='bbox 1113 4325 1238 4390; x_wconf 88' lang='lat' dir='ltr'><strong>verbum</strong></span> 
     </span>
    </p>
   </div>
   <div class='ocr_carea' id='block_1_5' title="bbox 0 0 1502 5234">
    <p class='ocr_par' dir='ltr' id='par_1_9' title="bbox 0 0 1502 5234">
     <span class='ocr_line' id='line_1_37' title="bbox 0 0 1502 5234; baseline 0 0"><span class='ocrx_word' id='word_1_284' title='bbox 0 0 1502 5234; x_wconf 95' lang='lat' dir='ltr'><strong> </strong></span> 
     </span>
    </p>
   </div>
  </div>
 </body>
</html>
