2994 5234
638 494 701 556 171

122 688 206 752 enati
236 688 292 752 tali
322 689 421 772 qualis
451 698 498 753 est
519 691 537 773 1
561 692 602 752 14
626 695 778 773 repugnat
801 687 947 752 orationis
970 687 1054 750 oolor
1073 682 1212 769 placidus

121 803 152 860 et
174 797 314 881 quietus,
339 819 402 862 non
425 798 632 882 protervitatis
656 805 687 861 et
710 797 898 881 petulantiae
914 796 1032 881 plenus.
1056 794 1212 858 Festivom

121 916 167 970 est
189 907 274 990 qnod
297 929 389 971 senex
412 928 506 991 paone
529 905 702 990 deorepitus
727 906 866 990 (01.16ι
887 903 1097 979 ἣνιιύτὸςῆδν
1117 916 1213 982 χολε-

121 1021 180 1088 ane
207 1015 379 1096 ἐργάζομαι.
425 1018 443 1100 1
466 1018 502 1079 8:
525 1026 621 1093 γῆρας
644 1054 689 1064 -
712 1015 921 1095 τροςγίγνοτοιί
942 1017 1000 1098 μοι)
1021 1022 1051 1078 et
1078 1013 1213 1097 eorporis

122 1127 196 1190 vitio
227 1127 265 1191 ab
297 1149 399 1192 amore
430 1127 589 1205 exclusus,
614 1127 690 1191 dicit
713 1128 821 1198 τιιῖδες
845 1127 874 1190 δέ
896 1149 944 1204 μοι
967 1124 1057 1190 οὕτω
1081 1123 1166 1200 εἰσὶν,
1191 1119 1218 1185 οἵ

121 1261 159 1312 με
190 1237 411 1317 deportationem
441 1239 533 1321 (16).
581 1235 639 1302 Sed
665 1236 784 1300 oollatis
809 1235 954 1320 proximis
977 1232 1090 1298 dubins
1113 1231 1215 1301 haere·

122 1346 185 1424 bis,
218 1355 325 1415 utrum
357 1348 440 1411 hune
464 1346 624 1411 scurrilem
648 1347 751 1410 iocum
773 1343 906 1408 voluerit
928 1342 1074 1418 claudus,
1099 1361 1138 1403 an
1160 1339 1215 1403 mi·

120 1478 179 1520 nus
215 1457 376 1542 perspioue
409 1456 642 1541 significaverit·
678 1455 785 1531 liberi,
822 1476 898 1539 quos
929 1452 1045 1528 habeo,
1076 1448 1214 1513 nondum

122 1566 221 1630 adulti
245 1573 320 1630 sunt
341 1589 398 1630 nee
421 1566 496 1630 satis
520 1564 642 1642 valent,
669 1573 705 1629 ut
728 1586 776 1631 me
801 1568 985 1628 sustentent.
962 1560 1142 1625 tPauois
1165 1579 1216 1621 vo·

124 1677 241 1740 tabulis
271 1685 342 1760 post
373 1677 452 1740 serio
475 1683 717 1760 argumentatur
765 1673 907 1738 Hominis
931 1673 1066 1736 dioteet
1088 1669 1215 1733 facetiae

124 1809 142 1848 a
167 1785 264 1871 Lysia
293 1787 391 1850 forma
414 1786 552 1870 legitima
575 1785 749 1849 orationum
772 1783 963 1847 iudicialium
988 1780 1099 1845 induta
1122 1785 1211 1855 sunt,

124 1895 177 1958 sed
213 1917 250 1959 eo
284 1896 351 1980 ipso
383 1896 500 1979 saporis
537 1895 730 1977 aliquantum
762 1893 938 1956 amiserunt.
986 1890 1125 1955 Libertas
1154 1888 1215 1952 oris

125 2004 258 2070 hominis
292 2006 403 2090 plebeii
433 2011 554 2090 pugnat
584 2026 655 2068 enm
679 2004 840 2067 sententiis
863 2003 895 2066 in
918 2003 991 2067 ortis
1013 2000 1125 2065 incude
1148 2020 1215 2082 pro·

125 2115 216 2177 ousia.
264 2113 386 2178 Iuliae
409 2122 512 2177 autom
534 2114 681 2177 orationis
704 2112 783 2177 nihil
806 2111 970 2176 hilaritatis
994 2113 1139 2195 (‚‚hea'tere
1157 2108 1215 2172 Zu-

126 2223 292 2308 vorsieht”)
315 2224 404 2288 video
425 2224 583 2308 equidem,
608 2245 663 2288 neo
686 2223 768 2308 quod
783 2244 968 2306 magnopere
983 2221 1117 2284 iudicem
1133 2241 1212 2283 oom-

125 2354 248 2397 movere
271 2334 378 2417 possit.

168 2441 305 2520 Verum,
329 2443 387 2506 etsi
410 2443 527 2526 aliquid
550 2441 774 2507 detrahendum
797 2448 872 2527 puto
887 2441 926 2505 de
942 2442 1090 2525 singulari
1105 2441 1213 2516 lande,
1251 2472 1252 2475 ¹

127 2571 186 2633 qna
208 2550 486 2615 Raneheusteinius
509 2552 589 2615 hano
612 2551 733 2616 extollit
756 2552 941 2628 orationem,
966 2559 1067 2614 tamen
1089 2551 1214 2614 minime
1250 2629 1252 2635 Ι

126 2681 203 2744 nego
229 2682 300 2724 snas
323 2659 407 2724 illam
432 2660 542 2725 habere
562 2661 699 2725 virtutes.
725 2659 840 2725 Ordine
862 2668 895 2724 st
917 2659 1072 2725 subtiliter
1093 2660 1215 2744 singola

127 2771 330 2834 mensationis
362 2772 463 2855 oapita
492 2771 728 2854 redarguuntur.
774 2770 904 2848 Omnia,
934 2793 1013 2856 quae
1037 2791 1216 2834 oommemo·

126 2879 222 2945 rande
245 2889 347 2956 erant,
371 2902 435 2944 uno
458 2881 525 2944 loeo
548 2889 789 2965 componuntnr,
813 2883 830 2966 1
853 2885 889 2944 4:
914 2881 988 2963 maol
1012 2881 1070 2962 γὰρ
1093 2882 1213 2956 iuuet·

126 3011 206 3069 νορος
235 2992 266 3053 οὐ
295 2991 409 3061 taxatae
437 3015 477 3068 με
505 2990 673 3068 λαμβάνειν
700 2990 734 3055 τὸ
757 2993 840 3071 rupit
862 3000 914 3065 τῆς
938 2991 1049 3063 πόλεως
1068 2990 1214 3071 appono·

18 3122 20 3159 z
126 3098 174 3160 κοιὶ
211 3104 273 3177 γὰρ
306 3101 346 3180 τῷ
377 3101 492 3177 οώμοιτι
519 3101 654 3165 δύνοιοθοιι
686 3101 737 3165 aa)
767 3104 817 3167 οὐκ
843 3098 915 3166 εἷνοιι
944 3107 1000 3167 τῶν
1031 3102 1178 3167 ιἰδονοὶτοιν
1191 3101 1216 3184 1)

18 3208 20 3281 ᾗ
128 3206 176 3289 (ol.
200 3210 304 3292 113,
332 3213 405 3294 14),
429 3211 522 3275 κοι1τ
503 3210 611 3291 τέχνην
633 3212 807 3276 interantur
830 3210 965 3284 τοιούτνν
986 3209 1059 3276 ὥστε
1083 3210 1132 3274 aul
1148 3208 1217 3275 ἄνευ

18 3352 20 3375 ³
127 3323 176 3383 τοῦ
199 3317 344 3395 διδομένου
363 3320 464 3385 τούτου
484 3320 534 3402 ζῆν
557 3324 633 3406 (16,
650 3325 718 3406 9),
718 3323 767 3387 eui
787 3324 945 3402 τεκμηρίοις
965 3331 1075 3403 χρῆτοιι
1092 3330 1144 3395 τῆς
1163 3321 1217 3395 μὲν

128 3433 176 3492 wll
200 3429 338 3505 &sltem
361 3430 472 3512 taem,
498 3430 539 3495 ὅτι
563 3431 611 3495 ἐπὶ
635 3434 699 3505 τοὺς
723 3419 1216 3515 11ττο1ιςο1νοιβοιίνο(110-12),

18 3530 20 3535 ’
128 3545 179 3611 τῆς
209 3539 236 3602 δ’
260 3540 289 3602 ἐν
316 3550 353 3621 τῇ
383 3540 475 3622 τέχνῃ
506 3543 659 3621 senoniae,
689 3542 731 3607 ὅτι
755 3544 881 3622 δύναμιν
905 3551 1028 3608 σννεῑνοιι
1051 3540 1216 3619 δννοιμὲνοιο
1309 3591 1312 3596 -

132 3647 311 3731 [ἀνθρώποις]
336 3649 503 3714 ἀναλίσκειν
530 3651 558 3734 (1
584 3654 639 3728 19,
658 3654 722 3736 20).
759 3651 818 3716 His
845 3660 1051 3716 annectuntur
1078 3672 1156 3740 qnae
1180 3651 1219 3714 ad

131 3756 357 3821 miserationem
381 3760 629 3824 commovendam
653 3769 724 3844 apta
746 3771 819 3826 sunt
841 3765 858 3846 1
875 3765 903 3841 7,
918 3765 953 3840 8;
968 3762 1217 3846 quantit-18

161 4006 183 4066 l)
200 4004 268 4055 Haeo
285 4005 356 4055 verba
373 4009 410 4056 aul
427 4007 465 4055 οὐκ
481 4007 520 4058 οἶν.
539 4027 561 4057 τ.
577 4013 600 4056 ἀ.
619 4008 658 4056 vel
675 4007 736 4057 hano
753 4009 784 4058 ob
801 4025 897 4059 anunm
914 4027 962 4059 non
979 4011 1097 4061 debebant
1114 4010 1219 4074 'Psyloro

131 4094 154 4140 at
177 4091 274 4143 Dobreo
300 4096 409 4155 suspecta
434 4108 498 4151 essa,
523 4095 587 4157 quod
605 4094 670 4144 aliud
687 4099 724 4145 est
740 4106 774 4163 τῷ
792 4107 884 4163 σώματι
900 4107 934 4164 μὴ
952 4101 1058 4153 thartan
1075 4114 1147 4164 quam
1164 4098 1220 4151 τῖνιιι

131 4179 235 4232 ἀδύνατον
268 4177 385 4236 'titiam
401 4179 465 4229 anim
483 4196 527 4230 neo
544 4180 574 4229 ud
591 4195 676 4244 eorpus
694 4185 789 4232 tuntum
807 4200 850 4234 neo
868 4186 897 4234 ad
914 4201 964 4235 rem
984 4186 1124 4236 familiarem
1142 4185 1218 4234 solam

132 4251 234 4328 partinet
256 4267 297 4316 sed
320 4268 349 4315 ad
374 4272 503 4332 utrumque
524 4267 609 4326 simul,
627 4272 656 4318 ut
673 4272 725 4319 tota
742 4272 919 4337 argumentatio
935 4274 1019 4330 docet,
1037 4288 1109 4338 quote
1126 4287 1155 4320 ex
1173 4272 1217 4320 hac

134 4352 224 4413 quidem
251 4355 360 4404 oratione
385 4354 448 4404 efflei
472 4371 520 4404 non
543 4355 612 4415 lieet,
637 4371 718 4406 omnes
741 4373 828 4422 egenos
849 4360 950 4409 Athenis
968 4360 1063 4424 publice
1080 4359 1218 4409 sublevatos

134 4454 192 4502 ests,
210 4442 252 4491 aed
269 4457 310 4491 eos
327 4445 435 4503 tuntum,
454 4444 495 4511 qui
514 4459 614 4509 corpore
631 4445 702 4494 simul
719 4460 768 4496 non
784 4446 897 4501 valerent.
