2994 5234
780 470 841 531 188

265 680 325 721 uon
357 659 614 725 obsecundarunt.
667 665 727 726 Pro
758 664 850 729 ἀκούω
882 664 953 728 libri
985 664 1100 728 habeut
1127 668 1271 745 ἀκούομεν
1279 696 1288 746 ;
1320 692 1354 732 ex

265 770 417 832 constanti
448 793 508 834 usu
531 772 641 856 Lysiae
664 775 829 859 singularis
852 776 1030 858 requiritur.
1077 775 1238 842 Scheibius
1262 778 1354 843 ἀκούω

264 877 328 954 μέν.
370 879 419 942 Sic
442 903 513 944 vero
535 884 590 959 μέν
613 907 668 947 suo
691 884 759 948 loco
782 885 952 948 divellitur.

309 989 378 1071 bb.
421 986 478 1056 ”Aa
501 991 530 1055 li
553 993 603 1055 aul
627 995 674 1057 ἕσὶ
698 995 801 1059 τοιόνδε
824 994 914 1071 λύγον
936 993 1119 1074 τράσωντοιι,
1153 998 1227 1067 ύςό
1255 997 1357 1077 χρόνος

263 1098 314 1160 οὐκ
337 1099 466 1177 ἐγχωρεῖ
485 1098 577 1164 ἀλλον
598 1105 802 1183 ἀποκληρῶσαι
818 1141 880 1178 -,
904 1102 971 1167 τύδ’
988 1105 1174 1179 ἐνύνρκύύνσε,
1197 1105 1239 1170 ὅτι
1256 1109 1356 1171 σάνιοιι

263 1209 276 1272 ὃ
299 1206 398 1286 χρύνος
421 1208 471 1282 ἤδη
495 1213 701 1289 παρελήλυθεν.
741 1211 833 1292 Quod
849 1214 887 1277 ab
905 1214 1078 1278 adversario
1095 1214 1255 1292 obiicitur,
1283 1224 1358 1279 tem·

264 1339 322 1399 pus
353 1339 414 1380 non
446 1318 582 1383 sufficere
612 1322 651 1385 ad
681 1310 776 1386 alium
800 1324 975 1388 archontum
1006 1346 1060 1407 pro
1084 1323 1227 1387 Evandro
1251 1346 1356 1388 crean-

183 1476 189 1488 .
264 1424 355 1501 dum,
387 1427 418 1490 id
450 1451 512 1492 non
536 1432 638 1494 statim
661 1432 812 1496 refellitur
826 1433 873 1515 *ab
898 1440 1017 1498 oratore
1045 1433 1098 1497 sed
1123 1434 1208 1518 prius
1233 1434 1271 1498 ab
1298 1435 1355 1497 hoc

264 1543 443 1619 argumento
474 1540 557 1623 quod
587 1543 619 1605 ἐκ
649 1547 699 1606 τοῦ
730 1542 872 1608 ἀδννάσοο
899 1544 1076 1628 petebatur,
1102 1545 1213 1607 avertit
1236 1545 1355 1607 animos

264 1644 302 1707 ad
334 1646 409 1710 iram
440 1656 546 1712 contra
577 1650 771 1730 Evandrum
808 1653 942 1716 sectione
974 1654 1097 1716 demum
1130 1655 1167 1729 8,
1200 1654 1355 1737 quomodo

264 1756 360 1837 possit
384 1757 454 1820 huic
478 1757 650 1823 difficultati
674 1762 793 1824 occurri
816 1761 909 1840 dicit,
934 1762 1051 1839 σύσερον
1073 1764 1154 1844 eim,
1180 1788 1207 1827 κ.
1232 1787 1260 1826 r.
1286 1765 1310 1827 ἓ.

308 1864 414 1948 Pergit
436 1875 555 1931 orator:
587 1873 604 1944 ἧ
627 1871 686 1949 aaa
710 1871 804 1950 κύριον
828 1873 922 1950 ἧμέρκ
943 1872 1016 1948 pora
1039 1873 1125 1944 torah
1148 1876 1199 1936 τοῦ
1223 1874 1354 1936 ἕνικνσοῦ

263 1974 355 2055 ἔστιν,
380 1977 409 2037 ἕν
432 1975 461 2039 δὲ
483 1976 579 2058 σοιύσρ
601 1982 641 2059 τῷ
666 1978 715 2044 Διῒ
737 1983 777 2060 τῷ
800 1989 903 2059 σωσῆρι
927 1982 1011 2045 ύνσύοι
1034 1981 1190 2058 γίννετοιι,
1216 1981 1354 2054 δικοισσή-

262 2105 316 2161 ριον
347 2084 376 2146 δὲ
406 2086 486 2163 σκρά
517 2089 583 2157 τοὺς
614 2087 715 2163 νόμους
745 2090 886 2153 ἀδύνοιτον
916 2092 1106 2168 σλνρωύῆνοιι.
1155 2093 1293 2173 Apparet
1318 2111 1355 2151 ex

266 2192 322 2254 hoo
349 2192 416 2255 loeo
439 2193 634 2259 docimasiam
658 2197 839 2261 archontum
863 2199 994 2282 priorem
1023 2200 1055 2263 in
1080 2206 1187 2262 senatu
1217 2198 1355 2261 habitam

264 2324 346 2379 ease,
372 2303 498 2368 alteram
522 2306 552 2370 in
576 2307 690 2370 iudicio
715 2307 773 2371 hoc
797 2316 933 2392 tempore
955 2331 1017 2371 nou
1033 2309 1231 2372 neeessariam
1247 2309 1353 2371 fuisse.

264 2410 398 2474 Putabat
421 2415 501 2477 enim
525 2415 666 2478 Evander
690 2418 782 2480 etiam
807 2417 872 2480 sine
896 2417 1078 2501 probatione
1101 2417 1239 2481 iudicum
1262 2440 1352 2500 posse

264 2542 295 2583 se
320 2521 474 2586 arclrontis
497 2546 608 2587 munus
632 2525 785 2608 suscipere
808 2548 863 2589 nee
887 2526 1109 2589 thesmothetas
1132 2526 1290 2610 probabile
1306 2533 1353 2589 est

264 2632 349 2695 aliud
372 2633 533 2712 statuisse,
565 2636 619 2717 qui
643 2636 756 2699 scirent
779 2636 924 2700 ultimum
953 2637 1025 2700 anni
1048 2636 1129 2699 diem
1151 2637 1263 2700 festum
1287 2658 1351 2698 esse

263 2748 294 2804 et
316 2741 443 2823 ἀφεσύν,
470 2750 501 2806 et
523 2752 624 2808 tamen
648 2746 819 2828 penultimo
843 2745 966 2808 demum
984 2745 1021 2808 ad
1038 2746 1250 2829 probationem
1266 2768 1351 2808 sena-

263 2859 329 2913 tum
361 2865 585 2916 convocassent.
633 2854 763 2918 Fallitur
795 2855 989 2918 Hermanuus
1014 2855 1122 2939 Antiq.
1146 2856 1163 2935 b
1189 2857 1261 2917 148.
1289 2857 1348 2929 12,

262 2960 365 3023 diceus
397 2962 522 3026 alteram
554 2965 735 3028 archontum
767 2965 979 3049 probationem
1010 2966 1042 3028 in
1074 2972 1184 3029 senatu
1217 2963 1351 3026 habitam

262 3068 366 3133 fuisse.
413 3070 461 3133 Ne
493 3072 590 3135 dicam
622 3072 659 3136 de
690 3073 839 3137 vocabulo
868 3074 1045 3152 δικοιστάριον
1075 3110 1120 3121 -
1147 3072 1231 3157 quod
1255 3071 1350 3155 possit

262 3178 331 3241 coll.
365 3182 417 3241 31.
454 3184 468 3242 l
502 3182 559 3257 ἐγὼ
591 3182 724 3263 (senator
754 3174 797 3244 cis
824 3184 841 3265 ᾧ
873 3184 902 3263 l)
926 3181 951 3245 δ’
974 3182 1231 3258 tetrarcharum
1255 3181 1293 3249 εἰς
1315 3178 1349 3242 τὸ

260 3288 437 3367 δικοισσάριον
465 3292 506 3354 rat
535 3290 683 3365 βέλτιστοι
711 3291 940 3368 συμβουλεύσειν
970 3302 1007 3371 τῇ
1039 3291 1122 3355 σύλει
1150 3311 1220 3353 oum
1249 3288 1349 3369 aliqua

261 3395 473 3480 probabilitate
497 3399 534 3462 de
558 3406 666 3463 senatu
689 3399 895 3483 intellegi-
919 3400 1031 3463 diserte
1055 3400 1245 3463 contrarium
1259 3396 1348 3461 refert

262 3506 351 3570 Dem.
380 3506 469 3592 Lept.
494 3512 570 3593 (20).
596 3513 654 3572 90:
688 3514 718 3574 ού
741 3510 801 3588 γὰρ
824 3509 892 3590 ᾤετο
916 3510 929 3573 i
954 3509 1053 3574 Σύνιων
1075 3546 1120 3556 -
1143 3511 1209 3580 τοὺς
1233 3510 1285 3586 μὲν
1306 3508 1349 3568 ύε-

262 3618 405 3694 emtam
428 3658 473 3666 —-
491 3620 531 3691 aa
553 3619 777 3698 δοκιμκσύέντοος
798 3619 915 3698 ἄρχειν,
940 3617 969 3682 ἔν
992 3644 1026 3681 τε
1045 3626 1083 3698 τῇ
1102 3619 1198 3699 βουλῇ
1214 3618 1263 3682 κον)
1279 3614 1347 3691 σκρ’

263 3729 330 3803 ὑμῖν
353 3729 382 3791 ἐν
404 3730 444 3808 τῷ
468 3728 654 3811 δικκστκρίῳ,
679 3729 746 3798 τούς
770 3729 799 3790 δὲ
823 3725 923 3805 νόμους
948 3727 1072 3801 κύσούς,
1097 3751 1124 3791 κ.
1149 3752 1176 3790 r.
1203 3728 1225 3790 ἓ.
1270 3724 1347 3786 Tum

263 3839 403 3914 demum,
428 3839 455 3900 si
477 3861 539 3900 non
563 3838 739 3922 probandus
760 3837 915 3901 videretur
930 3836 1051 3899 senatui
1068 3835 1199 3911 archon,
1225 3835 1263 3898 ad
1277 3832 1348 3896 heli·

263 3970 365 4022 aeam,
390 3947 441 4009 cui
463 3954 622 4029 praeerant
644 3947 886 4022 thermothetac,
911 3967 958 4008 res
982 3944 1195 4021 deserebatur,
1221 3953 1256 4007 ut
1270 3947 1347 4006 recte

263 4062 406 4118 statuunt
435 4054 569 4118 Meierus
602 4065 633 4119 et
664 4054 914 4131 Sohoemaunus‚
945 4053 1034 4117 Proc.
1067 4075 1096 4136 p.
1131 4055 1214 4130 204,
1239 4075 1282 4136 sq.
1303 4085 1347 4098 -

264 4164 324 4228 Pro
348 4165 526 4243 mamutium
550 4164 751 4227 Marklandus
775 4170 806 4226 et
832 4162 974 4226 Dobreus
997 4162 1182 4239 κλνρωύῆνοοι.
1230 4160 1289 4223 Sed
1309 4157 1345 4220 cf.

264 4275 353 4337 Deru.
377 4272 508 4336 Timocr.
533 4273 610 4355 (24.)
629 4275 686 4334 58:
712 4275 752 4336 τά
768 4272 956 4350 δικοισσύρικ,
980 4268 1282 4348 ἀδωμοκροιτονριέννς
1297 4275 1346 4339 τῆς

265 4387 377 4455 πόλεως
395 4385 427 4446 ἐκ
444 4389 499 4447 τῶν
515 4382 705 4459 ύμωριοκύσων
720 4388 888 4461 σλνροῦτοιι.
913 4380 961 4444 Ib.
980 4383 1039 4442 92:
1063 4382 1161 4444 οὐκοῦν
1176 4380 1260 4444 σοιῢύ
1275 4376 1345 4445 ύιιωο
