2958 5238
783 430 823 491 88

259 648 356 705 castra
383 664 445 705 non
473 642 619 717 venisset,
644 640 698 703 sed
721 640 789 723 quis
814 639 916 703 credat
940 639 998 701 hoc
1021 638 1174 723 singulare
1199 637 1359 699 delictum

259 752 387 816 militare
411 752 544 836 praetexi
568 752 721 836 potuisse,
735 757 770 813 ut
787 750 915 834 capitale
931 749 1080 813 iudicium
1095 750 1290 812 intentarent
1308 746 1359 810 ei?

260 862 309 926 Ad
333 870 430 926 castra
451 884 512 926 non
536 868 659 926 venerat
681 868 717 924 nt
731 860 775 925 ibi
790 899 835 908 -
850 859 1012 938 dormiret,
1030 868 1061 924 et
1076 868 1234 945 propterca
1250 864 1359 921 morte

259 973 370 1058 dignus
393 973 475 1036 visus
499 972 598 1036 esset?
644 971 803 1035 Scheibius
828 969 911 1055 Olig.
928 969 1025 1034 Umw.
1043 993 1073 1055 p.
1091 973 1132 1032 42
1149 969 1240 1052 (conf.
1253 966 1357 1031 Vind.

258 1106 286 1168 p.
314 1086 366 1169 67)
389 1084 624 1168 interpretatur,
650 1104 711 1174 non
735 1089 859 1166 praesto
883 1103 954 1144 eum
976 1081 1071 1144 fuisse
1094 1080 1132 1144 ad
1156 1102 1257 1157 arma,
1281 1100 1361 1162 quo·

256 1197 339 1259 niam
362 1197 515 1279 quiescere
538 1195 647 1271 vellet3
673 1195 747 1258 satis
770 1192 924 1278 languide.
972 1193 1053 1257 Mihi
1077 1192 1185 1278 Lysias
1204 1215 1263 1278 pro
1281 1193 1358 1255 οὶνα-

257 1306 438 1381 ταυοέμενοο
469 1306 553 1370 aliud
585 1306 740 1391 scripsisse
766 1305 904 1381 videtur;
930 1305 1060 1369 coniicic
1083 1302 1358 1384 οένακαλεοοέμενοι.

258 1418 364 1504 Specie
399 1417 522 1503 quidem
556 1417 603 1481 illi
636 1414 803 1482 cbr'eceroct
837 1416 920 1502 quod
952 1417 991 1480 ad
1023 1439 1106 1481 arma
1136 1439 1199 1480 nou
1229 1423 1360 1500 praesto

257 1529 374 1593 fnisset.
410 1527 546 1593 Verbum
569 1530 779 1594 ανακοολεῖσέαι
803 1529 846 1592 ita
870 1527 984 1593 dicitur
1007 1551 1100 1614 supra
1123 1532 1154 1592 9.
1181 1532 1197 1593 7
1224 1536 1257 1592 et
1285 1528 1327 1591 al.

304 1640 321 1724 b
343 1638 394 1702 14.
442 1638 491 1704 καὶ
508 1640 589 1704 αὐτοὶ
606 1641 660 1705 ὑπὸ
676 1646 731 1705 τῶν
743 1641 898 1720 τριήκοντα
910 1639 1108 1718 ἐξηλάθημεν·
1124 1635 1153 1712 ήν
1165 1640 1224 1720 γοδρ
1236 1678 1287 1688 -
1300 1635 1359 1702 ὅλα

142 1739 150 1746 ’
260 1752 300 1815 τα
324 1751 425 1829 μακροὶ
448 1749 534 1829 τείχη
558 1749 734 1831 διασκάψαι.
782 1748 915 1813 Litteras
938 1759 993 1815 EN
1017 1757 1087 1835 post
1103 1750 1291 1827 ἐξηλάθημεν
1312 1769 1358 1813 re-

261 1862 406 1948 petendas
437 1869 529 1947 puto:
562 1864 640 1937 ε’νήν,
673 1863 771 1925 inerat
802 1862 834 1924 in
866 1861 1097 1926 condicionibus
1122 1862 1214 1945 pacis.
1265 1861 1357 1924 Infra

179 2020 192 2043 .
262 1996 383 2058 quoque
414 1976 430 2058 d
460 1976 499 2038 70
529 1974 653 2051 οὐδαμοῦ
676 1973 735 2054 γιέρ
758 1974 836 2037 εὀτιν
857 1972 1018 2054 Ἀγόρατον
1041 1974 1186 2049 Ἀθηναῖον
1209 1968 1285 2038 εἶναι
1311 1994 1357 2035 re

262 2084 451 2149 stituendum
474 2085 596 2167 ἔνεστιν,
624 2086 697 2149 nim.
722 2085 755 2148 in
779 2084 893 2148 tabuiis
917 2084 1065 2170 publicis,
1090 2083 1356 2168 quemadmodum

261 2202 342 2259 recte
365 2195 403 2261 de
425 2196 545 2260 foedere
569 2195 650 2281 apud
672 2194 872 2268 Thuchss.
897 2198 959 2259 40:
981 2199 1082 2261 ἐνεῖναι
1102 2197 1161 2275 γὰρ
1182 2198 1231 2260 καὶ
1249 2197 1356 2270 νήσους

263 2306 386 2378 οέοιοέσας
417 2307 507 2372 τέλιν
534 2307 683 2373 δουλεύειν.
731 2307 825 2392 Apud
857 2307 1015 2371 Demosth.
1043 2310 1093 2371 14.
1119 2310 1178 2371 25:
1203 2308 1231 2371 ἐν
1255 2306 1357 2386 ταύτη

262 2418 397 2499 χρήματ’
420 2419 496 2482 έοτιν
516 2417 694 2482 Dindorfius
718 2440 754 2481 ex
777 2417 844 2482 cod.
869 2429 895 2482 Σ
918 2418 1054 2482 restituit
1075 2417 1192 2483 ἔνεστιν.
1216 2417 1257 2481 Iu
1285 2438 1358 2481 con-

263 2530 386 2593 trariam
409 2536 524 2613 partem
548 2528 627 2613 apud
652 2528 888 2613 Xenophontem
911 2528 971 2591 GP.
996 2526 1041 2591 Π.
1067 2531 1097 2591 2.
1124 2531 1165 2590 26
1190 2537 1354 2615 peccatum

264 2640 397 2716 videtur,
421 2639 476 2703 ubi
500 2639 580 2724 quod
605 2640 734 2725 legitur:
759 2640 824 2705 οὔτε
848 2636 1014 2720 γαρνοέρμα
1033 2640 1122 2715 δήπου
1145 2642 1228 2720 ταχὺ
1244 2638 1355 2717 γένοιτ)

263 2752 299 2818 ἂν
322 2751 448 2833 βραδέων
471 2751 565 2817 ἵτιιων
588 2752 733 2818 ἐνόντων
756 2775 851 2837 paene
874 2751 1048 2816 ridiculum.
1089 2751 1127 2815 In
1147 2751 1257 2837 Lysiae
1284 2751 1352 2814 loco

264 2866 325 2939 ε’νήν
348 2864 485 2927 restituit
507 2865 597 2928 etiam
621 2863 825 2929 Helbertsma.

309 2976 400 3059 §le
448 2974 534 3038 Pacis
565 2974 757 3040 condiciones
789 2976 930 3039 efferente
953 2974 1140 3039 Theramene
1163 2997 1251 3060 aegre
1277 2974 1351 3038 fere·

264 3086 339 3150 bant
373 3085 514 3170 quidam:
548 3086 664 3165 ’ὁρῶντες
694 3087 718 3149 δ’
745 3082 816 3152 οὗτοι
851 3088 874 3151 οἱ
897 3085 994 3165 ἄνδρες
1029 3084 1148 3163 ὀνόματι
1168 3087 1221 3165 μὲν
1245 3085 1352 3167 εῐρήνην

263 3194 476 3274 λεγομένην,
493 3199 533 3278 τῷ
550 3196 658 3279 δ’έργιρ
673 3201 724 3273 τήν
741 3199 935 3276 δημοκρατίαν
947 3199 1174 3276 καταλυομένην.
1193 3196 1351 3280 Hirschig.

264 3308 434 3387 γενομένης
456 3309 509 3373 sed
532 3331 591 3394 pax
613 3310 751 3374 noudum
773 3319 837 3375 crat
860 3311 950 3374 facta.
998 3311 1168 3389 Λεγομένην
1192 3310 1296 3395 glossa
1313 3307 1352 3370 vi·

264 3419 353 3483 detur
376 3442 462 3484 verae
486 3419 624 3484 lectionis
647 3422 844 3503 φερομένην
867 3420 968 3499 „illud
986 3420 1067 3505 quod
1085 3421 1284 3499 afferebatur,
1301 3441 1352 3482 no·

263 3531 345 3595 mine
368 3553 426 3617 pari
449 3531 543 3594 erat.’'
577 3531 718 3596 Proxima
740 3535 756 3617 ξ
775 3555 829 3617 pro
849 3534 954 3614 εἰρήνην
975 3535 1209 3616 ποιήσασθαι,
1231 3531 1349 3616 requiro

268 3649 393 3716 ποιήσαι.
494 3662 496 3669 ’

310 3755 327 3838 d
351 3756 401 3817 17.
447 3754 532 3829 γνοὺς
555 3754 584 3818 δὲ
606 3755 689 3818 ταῦθ’
713 3754 725 3818 ὁ
746 3752 914 3833 Θηραμένης
938 3794 981 3804 -
1001 3753 1041 3820 ὅτι
1061 3756 1116 3820 εἷσέ
1135 3779 1217 3826 τινες.
1240 3756 1348 3816 Ταῦτα

267 3863 353 3927 eiecit
383 3862 619 3941 HerwerdenuS,
652 3872 688 3927 ut
719 3870 789 3927 ante
821 3887 890 3928 eum
923 3865 1080 3943 Bremius3
1105 3864 1296 3930 Hamakerus
1318 3859 1347 3921 έκ

264 3976 379 4040 τούτων.
415 3972 494 4039 Vere
519 3973 769 4039 Westermannus
794 3976 907 4060 (progr.
932 3976 1017 4062 Lips.
1046 3979 1129 4041 1860
1154 4000 1184 4061 p.
1211 3978 1243 4059 4)
1266 3969 1347 4051 γνοὺς

266 4085 293 4149 δ’
317 4085 429 4151 ἐνταῦθ’
452 4087 465 4149 o‘
489 4097 525 4150 Θ.

311 4199 327 4281 d
352 4199 402 4259 19.
451 4195 598 4272 ἐβούλοντ’
621 4193 666 4260 οὖν
689 4193 798 4260 ἄκοντα
822 4198 909 4262 δοκεῖν
935 4198 1022 4262 αὐτὸν
1044 4198 1093 4263 καὶ
1117 4200 1158 4276 μή
1178 4197 1279 4262 ἑκόντα
1294 4216 1346 4271 μλ-

269 4333 357 4385 νυειν,
389 4307 464 4378 darer
496 4331 653 4387 τιστοτεροο
685 4309 752 4384 ὑμιν
780 4309 972 4390 ὑποφαίνοιτο.
1019 4309 1240 4372 Herwerdenus
1262 4302 1346 4370 verba

270 4444 320 4484 και
344 4420 386 4498 μή
410 4418 512 4484 έκέντα
535 4418 651 4482 iudicat
638 4418 785 4501 tmagist
772 4417 838 4482 telli
861 4440 925 4484 esse
949 4419 1033 4484 addit
1021 4425 1137 4484 ttamen
1137 4441 1205 4498 um3
1229 4418 1280 4482 sed
1301 4411 1346 4477 ad·

943 4472 1473 5222 i
