2958 5238
804 489 866 552 100
891 548 894 553 ,

295 682 400 765 ρθτερσς
425 684 569 764 ἐγίγνετο.
608 685 655 749 Ex
678 686 817 767 κκθιιφείς
835 687 925 752 facile
940 690 989 754 κιιί
1005 690 1095 773 ἀφείς
1111 691 1253 756 exsistere
1268 691 1375 777 potuit.

295 794 383 860 Dem.
419 797 470 860 19.
503 799 533 860 6.
563 796 705 884 (κκιρθν),
732 794 762 862 ἓν
782 795 819 862 νίν
841 823 885 870 τις
908 800 976 864 §aba
999 801 1143 885 καθυφῇ
1165 809 1225 873 τσῑς
1247 802 1378 874 ἕνκντίσιι

294 907 344 971 κκὶ
375 906 476 988 τρσθῷ.
515 906 634 994 (Dem.)
666 909 717 972 58.
747 908 961 992 θκκθνφιένκι
983 912 1024 976 τίν
1047 920 1101 987 τῆς
1124 910 1246 984 πόλεως.
1290 911 1377 990 Alia,

294 1017 349 1081 ubi
368 1020 477 1101 κκθιιφ.
498 1026 544 1082 est
562 1021 703 1104 prodere,
721 1023 886 1103 ιισρίίρσνσ,
905 1019 1003 1085 lexica
1022 1021 1111 1086 facile
1127 1021 1376 1108 suppeditabunt.

290 1128 347 1192 ”Aa
363 1150 451 1213 aegre
467 1128 623 1208 desidere,
641 1128 724 1214 quod
739 1137 824 1208 tum,
841 1152 935 1214 quum
955 1132 1036 1195 viros
1053 1131 1208 1196 deferebat
1223 1133 1296 1212 iste,
1312 1133 1381 1197 civi·
1468 1122 1469 1127 ί

293 1245 340 1301 tas
353 1261 416 1303 non
431 1245 583 1324 potestate
599 1238 752 1304 crescebat
766 1263 799 1306 re
814 1262 899 1319 vera,
917 1222 971 1305 sed
987 1265 1041 1326 per
1053 1264 1103 1306 eos
1119 1240 1380 1328 facilepotuisset.

337 1352 429 1435 §aa
475 1352 523 1416 κκί
554 1350 642 1424 οὕτως
672 1350 709 1417 ίιν
736 1352 888 1418 θεινθτκτνι
911 1352 1028 1418 τιίντων
1051 1351 1182 1437 ιιιίθσιεν,
1205 1353 1229 1418 εί
1253 1349 1293 1426 νίς
1315 1353 1379 1419 ἐτί-

294 1487 423 1537 σκηστιν
454 1465 551 1528 ε’κείνσι
573 1466 611 1536 ὠς
632 1463 729 1546 Φίλοις
753 1459 812 1528 οὖσι
835 1472 967 1544 τιμωρεῖν
991 1464 1059 1543 ὑπὲρ
1083 1465 1193 1547 κίκι-ὤν,
1217 1461 1293 1529 οὗτοι
1315 1463 1379 1541 ίμί-

291 1581 386 1658 ψηφσι
404 1574 473 1639 κιιτ’
492 1574 601 1639 ἐκείνων
618 1580 684 1639 τῶν
702 1573 832 1654 ἀνδρῶν
850 1582 909 1648 τοῖς
928 1573 1083 1656 τριιίκσντιι
1098 1574 1280 1651 γενήσονται.
1304 1575 1380 1639 Lan-

293 1694 390 1771 guent
413 1686 505 1751 verba
527 1692 582 1750 τῶν
601 1685 721 1766 ciatrem
735 1707 769 1748 ac
781 1686 908 1749 sortasse
920 1692 1021 1750 totum
1032 1685 1110 1749 illud
1123 1689 1192 1751 κατ’
1203 1687 1314 1754 ἐκείνων
1324 1694 1378 1753 τῶν

257 1841 260 1847 -
289 1796 395 1876 ἀνδρῶν
407 1796 609 1873 eiiciendum,
623 1802 730 1880 utpote
750 1795 850 1859 alieno
866 1795 934 1859 loco
949 1795 1071 1860 illatum
1087 1819 1123 1861 ex
1139 1798 1280 1882 sequenti
1293 1798 1376 1862 secti·

291 1929 359 1970 one.
384 1908 538 1991 Augerius
557 1906 690 1971 malebat
706 1907 771 1971 κνιθ’
783 1908 893 1989 αὐτῶν,
908 1906 991 1991 quod
1001 1929 1065 1971 non
1076 1908 1281 1971 necessarium
1292 1915 1376 1994 puto.

335 2020 352 2103 ᾧ
374 2020 427 2084 97.
474 2020 524 2084 ἐίιν
537 2015 594 2082 τείν
616 2018 657 2083 τίι
676 2018 794 2083 ε’ννιντίκ
813 2025 872 2089 τοῖς
891 2017 1045 2099 τριιίκσντιι
1065 2017 1248 2100 ψηφίζησθε,
1270 2024 1377 2101 πρῶτον

289 2129 344 2207 μὲν
368 2131 426 2210 οὐχ
448 2130 595 2210 ὀμίψηφσι
619 2128 774 2207 γίγνεσθε,
797 2127 901 2193 ἔσειτιι
923 2134 986 2200 rote
1003 2128 1147 2209 ὑμετέροις
1166 2132 1261 2193 αὐτῶν
1280 2130 1377 2211 Φίλοις
1468 2152 1469 2179 1

280 2240 516 2321 τετιμωρηκότες
539 2239 651 2323 ἔσεσθε,
675 2237 779 2332 ἔπειτα
802 2245 861 2310 τοῖς
884 2241 975 2303 τιῖισιν
997 2238 1149 2320 ἀνθρώποις
1171 2237 1377 2316 θίξετεθίκιιινι
1468 2242 1469 2245 ’

289 2351 338 2416 κκί
367 2348 433 2417 ίσιιι
455 2350 654 2432 cretenau.
700 2349 785 2413 Haec
808 2349 852 2413 sic
874 2349 947 2412 ferri
968 2371 1032 2412 non
1053 2371 1159 2433 posse,
1184 2351 1376 2414 consentiens

290 2470 337 2525 est
367 2485 461 2547 paene
493 2462 631 2526 omnium
662 2460 816 2526 editorum
846 2460 1007 2524 sententia.
1039 2459 1205 2524 *Videntur
1226 2461 1320 2542 haec,
1343 2462 1375 2525 in
1468 2442 1469 2491 ί

290 2575 350 2638 fine
381 2574 527 2638 orationis
557 2574 673 2659 posita,
705 2572 737 2636 in
770 2572 932 2657 archetypo
962 2572 1072 2656 partim
1096 2571 1240 2651 evanida,
1265 2572 1375 2638 deinde

289 2685 367 2749 male
392 2693 525 2750 correcta
548 2709 622 2750 esse.
657 2684 739 2749 Nam
761 2687 819 2765 οὐχ
841 2683 989 2765 ὁμθψηφσι
1012 2683 1167 2762 γίγνεσθε,
1192 2684 1307 2749 omisso
1329 2683 1376 2748 da·

289 2796 370 2874 tivo,
396 2796 596 2880 significaret:
620 2817 706 2873 „non
729 2794 902 2859 communia
924 2793 1010 2857 fertis
1034 2793 1197 2880 suffragia”
1220 2795 1268 2858 vel
1293 2816 1373 2876 „non

288 2906 368 2970 inter
399 2929 452 2970 vos
483 2906 694 2971 consentitis.''
745 2906 892 2971 Praesens
922 2906 1058 2983 γίγνεσθε
1088 2927 1151 2969 non
1181 2911 1291 2990 aptum
1321 2911 1372 2970 est.

285 3017 416 3082 ’Έτειτκ
437 3017 484 3081 bis
507 3019 643 3102 positum
665 3017 810 3101 languet3
835 3015 919 3102 qnod
942 3015 1125 3081 vocabulum
1148 3017 1270 3102 saepius
1295 3017 1374 3081 dein·

289 3151 359 3213 ceps
382 3130 457 3213 poni
480 3128 630 3192 absurdus
655 3129 695 3192 sit
718 3128 772 3213 qui
795 3133 903 3212 neget,
928 3126 982 3190 sed
1004 3127 1039 3190 fit
1062 3125 1141 3190 illud
1163 3127 1196 3190 in
1220 3147 1372 3193 enumera·

234 3222 237 3228 .
287 3240 372 3304 tione
401 3262 503 3304 rerum
534 3247 587 3303 aut
609 3246 833 3304 momentorum
864 3237 1053 3302 diversorum
1083 3237 1170 3323 quasi
1201 3236 1241 3302 ad
1263 3258 1371 3303 memo·

287 3350 365 3415 iiam
386 3350 566 3428 iuvandam,
591 3349 644 3414 sed
667 3349 757 3434 plane
781 3349 915 3413 alienum
938 3354 984 3413 est
1007 3347 1044 3412 ab
1068 3347 1204 3434 epilogo,
1226 3350 1281 3434 qui
1296 3369 1369 3413 eom·

287 3463 399 3526 motion
422 3484 487 3526 esse
510 3460 618 3539 debet3
641 3461 746 3545 itaque
761 3460 828 3524 loco
844 3483 862 3524 a
876 3459 1136 3524 Raucbensteinio
1152 3457 1278 3525 laudato
1293 3457 1367 3523 Xon.

287 3571 349 3636 GP.
381 3572 406 3637 I.
441 3576 471 3638 3.
506 3575 564 3652 14,
597 3574 647 3636 cui
669 3572 758 3637 facile
781 3571 834 3635 alii
857 3571 929 3635 addi
951 3578 1090 3657 possent,
1114 3559 1193 3635 nihi]
1215 3571 1365 3654 probatur.

286 3683 371 3747 Haec
394 3683 600 3748 consideranti
622 3705 685 3747 non
707 3681 907 3767 improbabile
930 3681 1007 3745 mihi
1030 3681 1151 3745 videtur
1173 3681 1266 3745 verba
1280 3674 1366 3747 ἔσεσθ’

285 3792 391 3860 ἕτειτιι
421 3818 439 3858 a
465 3795 601 3880 margine
631 3796 663 3859 in
694 3794 827 3858 alienum
856 3793 958 3859 locum
982 3793 1068 3857 iliata
1091 3815 1173 3871 esse3
1197 3814 1294 3877 quum
1315 3807 1364 3875 pro

284 3904 416 3984 γίγνεσθ’
439 3904 544 3971 ἔτειτσι
566 3929 637 3970 vera
658 3905 749 3969 lectio
774 3904 864 3970 ἔσεσθ’
887 3904 991 3970 ἕσειτκ
1014 3905 1047 3968 in
1066 3904 1202 3988 margine
1218 3901 1364 3984 adscripta

287 4024 383 4096 esset,
407 4018 482 4081 haec
504 4017 671 4103 posteriora
694 4015 785 4080 verba
807 4016 917 4079 nonin
934 4015 1035 4079 locum
1054 4015 1190 4100 priorum
1206 4013 1364 4081 substituta

286 4129 429 4207 fuerunt,
454 4127 506 4191 sed
529 4127 608 4191 male
631 4134 701 4212 post
722 4125 948 4206 τετιμωρηκότες
972 4126 1081 4211 posita.
1128 4124 1223 4189 Porro
1247 4124 1300 4210 qui
1319 4139 1362 4183 co·

286 4238 363 4303 dicis
379 4238 535 4324 archetypi
551 4237 642 4302 verba
657 4239 706 4300 rix
723 4236 827 4321 potuit
840 4235 940 4320 legere
948 4285 957 4314 ,
974 4242 1011 4299 ut
1025 4236 1090 4320 ipse
1103 4234 1140 4298 ad
1153 4234 1283 4314 γίγνεσθ’
1294 4231 1362 4297 ἔσει·

284 4373 326 4416 τιι
349 4349 532 4416 adscriberet
550 4348 642 4414 ἔσεσθ’
659 4347 779 4426 ἔτειτκ,
799 4348 826 4412 is
850 4347 911 4411 duo
932 4347 1024 4411 verba
1044 4346 1164 4424 omisit,
1189 4369 1267 4433 quae
1281 4342 1360 4407 iuxta

283 4461 384 4547 posita
420 4463 510 4547 plane
549 4465 744 4526 evanuerant.
790 4459 876 4524 Haec
913 4458 1009 4544 igitur
1046 4457 1106 4522 fuit
1141 4457 1239 4522 forma
1273 4450 1357 4518 huius
