2958 5238
623 512 684 572 103

114 709 192 786 μετδο
207 714 264 775 τοῖν
280 710 404 776 ὁπλιτῶν
420 708 600 792 κινδυνεύειν,
612 706 743 773 ἱππεύειν
754 704 861 781 εἵλετο,
874 705 1048 792 Stephanus
1064 704 1194 770 seriben-

114 820 186 886 dum
216 821 338 906 putavit
364 820 420 885 δεῖν
443 821 496 903 (z
519 819 588 904 δέον)
611 818 742 884 ἕκαστον.
789 817 836 883 Ol.
863 816 961 882 Koen.
982 816 1021 881 ad
1041 815 1133 900 Greg.
1158 815 1195 880 de

114 931 205 997 Diell.
224 955 255 1016 p.
275 934 328 995 60.
363 929 424 995 Sed
439 952 543 995 vereor
557 953 597 995 ne
612 930 743 994 editores
764 927 818 1015 qui
835 928 986 1013 hodieque
1000 948 1110 1012 magno
1127 947 1197 991 eon·

113 1042 214 1106 sensui
229 1048 368 1107 veterum
382 1042 649 1127 grammaticorum
665 1040 892 1125 obtemperent,
909 1039 987 1103 hano
1003 1039 1132 1103 formam
1143 1037 1198 1101 At-
1254 1108 1257 1112 ,

111 1153 178 1218 tiois
194 1153 419 1231 asserentibus,
435 1153 553 1238 imponi
572 1152 631 1217 sibi
649 1151 807 1238 patiantur
826 1149 902 1214 falsa
923 1149 1064 1235 analogia
1070 1173 1080 1227 ς
1096 1169 1197 1232 neque

113 1264 192 1328 enim
211 1265 342 1330 conferri
361 1271 463 1349 potest
481 1271 565 1329 πλεῖν
583 1262 666 1347 quod
685 1285 721 1327 ex
738 1269 854 1345 πλεῖον,
871 1282 934 1326 uon
951 1283 988 1325 ex
1005 1259 1092 1325 πλέον
1109 1256 1198 1324 exsti·

113 1374 166 1453 tit,
187 1381 219 1440 et
238 1374 328 1440 facile
346 1374 539 1459 intellegitur
556 1371 711 1457 quomodo
727 1380 842 1437 veteres
859 1370 920 1436 tale
938 1370 1013 1456 quid
1029 1390 1197 1456 propagare

113 1486 269 1569 potuerint
277 1511 286 1563 3
310 1485 436 1549 fuerunt
455 1486 536 1548 enim
556 1484 621 1548 sine
637 1483 731 1548 dubio
748 1483 802 1567 qui
817 1483 850 1547 in
865 1481 997 1546 formula
1013 1486 1123 1549 πολλοῦ
1140 1480 1196 1545 δεῖν

114 1598 263 1680 posterius
291 1596 475 1662 voeabulum
502 1595 698 1681 participium
726 1595 944 1658 existimarent.
990 1591 1195 1658 Redenndum

87 1726 89 1732 ⁴
113 1707 206 1791 igitur
233 1708 356 1773 videtur
379 1706 418 1771 ad
443 1714 618 1791 corruptam
644 1706 806 1769 lectionem
830 1704 875 1769 δεῖ
894 1702 1025 1770 ἕκοοοτον.
1072 1702 1111 1767 In
1136 1723 1197 1786 qua

114 1839 243 1902 agnosco
259 1817 507 1904 dittographiam.
539 1828 565 1882 Κ
583 1824 613 1881 et
629 1828 665 1885 Ic
681 1817 801 1902 quoties
818 1816 945 1881 confusa
955 1815 1017 1879 sint
1029 1815 1076 1898 (ut
1086 1813 1120 1877 in
1130 1811 1198 1879 σκύ-

113 1934 165 2011 Φος
183 1936 216 1994 et
235 1928 378 2012 Σύσνφος)
397 1948 487 1991 nemo
507 1927 613 1992 nescit.
649 1924 755 1991 Exime
779 1948 816 1990 ex
839 1935 1022 1993 AEIEIGAG
1044 1924 1099 2009 (δεῖ
1111 1922 1196 2007 daur)

114 2037 226 2105 litteras
245 2039 322 2104 vitio
340 2038 387 2103 bis
407 2038 522 2123 positas
538 2048 595 2114 EI,
614 2045 645 2102 et
660 2037 810 2122 supererit
820 2059 868 2100 me
880 2036 982 2100 iudice
993 2036 1073 2100 bona
1084 2041 1116 2099 et
1125 2056 1197 2098 vera

117 2149 222 2230 leotio,
248 2149 292 2217 ύτι
309 2148 407 2222 δεύοοις
425 2149 506 2228 μετὰ
524 2155 580 2214 τοῖν
598 2150 723 2215 ὁπλιτῶν
742 2148 923 2224 κινδυνεύειν,
943 2146 1074 2213 ἱππεύειν
1092 2142 1193 2210 εἵλετο.

116 2259 254 2327 Ceterum
268 2261 352 2347 quod
363 2260 475 2345 Bergk.
489 2267 520 2325 et
531 2259 666 2324 Cobetus
679 2259 827 2325 dederunt
838 2281 893 2344 pro
905 2261 919 2324 o‘
931 2258 1040 2338 ποιτύρε
1050 2258 1081 2322 ού
1089 2263 1194 2336 πορεῖν,

116 2373 326 2458 amplecterer,
356 2372 382 2435 si
411 2371 485 2436 alias
508 2370 693 2435 mutationes
719 2369 793 2434 haee
817 2368 908 2434 lectio
928 2390 991 2432 non
1013 2365 1192 2452 postularet.

154 2483 237 2549 Mira
264 2490 309 2548 est
335 2482 426 2548 lectio
448 2484 465 2567 d
488 2484 507 2544 2
531 2479 598 2546 τύπτ’
620 2478 806 2554 ἐπινικίοις
830 2476 867 2545 ὧν
889 2477 970 2552 οὗτος
992 2474 1217 2561 φιλοτιμεῖτοιι’

9 2634 11 2661 ;
114 2585 186 2666 τοὺς
201 2594 322 2677 ἐχθρούς
348 2593 549 2674 ούοχύνεούοιι.
596 2591 705 2670 Unus,
737 2591 821 2677 quod
848 2592 959 2670 seiam,
988 2591 1068 2655 hanc
1090 2591 1193 2654 leotio-

9 2768 10 2771 ,
115 2723 178 2768 nem
207 2704 347 2770 defendit
378 2704 549 2789 Kayserus,
581 2702 693 2768 Philol.
726 2703 774 2767 XI
797 2703 908 2788 (1856)
930 2726 961 2787 p.
987 2705 1067 2780 163,
1091 2702 1193 2766 neseio

116 2814 264 2896 quomodo
295 2815 369 2878 haec
395 2815 622 2899 interpretatus.
668 2815 793 2898 Reliqui
820 2815 952 2879 editores
975 2836 1046 2878 oum
1068 2812 1193 2876 Reiskio

116 2922 155 2986 ἐπ’
176 2926 257 2998 ἐνίοις
280 2948 362 2990 nuno
385 2926 516 3011 probant
523 2951 533 3004 3
556 2926 634 2989 mihi
657 2925 814 3010 aliquanto
837 2925 1026 3010 probabilius
1045 2923 1193 3008 Taylorus

116 3035 274 3100 coniecisse
307 3035 430 3100 videtur
460 3039 507 3102 ἐπ’
538 3036 666 3119 ἐκείνοις,
698 3033 782 3100 unde
812 3057 905 3119 quum
937 3057 991 3120 per
1021 3034 1193 3098 itacismum

116 3144 274 3211 admodum
302 3146 457 3230 frequenti
488 3168 587 3209 errore
618 3145 784 3210 exstitisset
813 3147 948 3217 ε’πεκινοις
976 3142 1025 3207 vel
1047 3145 1194 3216 intentiore

116 3256 160 3337 (el.
177 3260 214 3323 ad
234 3262 286 3325 10.
307 3259 367 3336 24,
393 3258 505 3343 passim
525 3257 646 3342 copiose
666 3256 704 3321 de
724 3279 759 3320 eo
778 3255 912 3320 Cobetus
931 3257 964 3319 in
974 3253 1014 3317 V.
1028 3264 1058 3318 et
1070 3253 1110 3318 N.
1122 3255 1174 3338 L.)
1181 3305 1190 3334 ,

116 3369 346 3456 transpositione
375 3369 547 3433 litterarum
579 3374 757 3452 corruptum
787 3370 934 3450 ε’πινικοις,
958 3364 1082 3431 tandem
1104 3369 1192 3432 ἐπινι-

116 3477 176 3553 κύοις
197 3489 307 3546 natum
330 3487 386 3545 est.
431 3480 482 3545 Ad
504 3480 724 3564 Φιλοτιμεῖούοιῖ
744 3504 772 3545 τι
797 3478 834 3543 ef.
858 3477 937 3542 Xen.
958 3476 1040 3542 Hell.
1058 3478 1084 3541 Ι.
1106 3480 1135 3542 6.
1154 3479 1191 3542 5:

117 3592 177 3669 πρὸς
199 3590 220 3658 d
243 3593 302 3669 ἐγώ
324 3618 358 3658 πε
381 3597 594 3674 Φιλοπιμούμοιι
620 3591 669 3656 aul
693 3595 710 3668 ἡ
735 3590 819 3662 πόλις
839 3594 918 3667 ἡμῶν
937 3588 1101 3669 οιῖτιύζεποιι
1117 3614 1192 3668 συμ-

118 3697 296 3774 βουλεύετε.
323 3702 437 3768 Oeeon.
462 3707 492 3766 d.
519 3705 576 3767 aa:
600 3703 646 3767 ούεὶ
669 3699 699 3767 ἕν
722 3702 759 3781 γε’
781 3726 809 3767 τι
831 3699 1081 3783 φιλοτιμούμενος.
1173 3718 1176 3725 “

156 3814 222 3898 §b
270 3818 341 3881 ἀλλ’
369 3814 510 3892 ἕβονλύύκ
539 3812 589 3878 κού
612 3811 718 3892 ἄτιμος
740 3809 827 3885 eluar,
851 3811 902 3876 κοοὶ
924 3811 966 3876 τοδ
987 3809 1119 3892 χρύμοιι)
1139 3811 1193 3876 νού-
1292 3836 1295 3842 ·

118 3929 163 3988 τοῦ
190 3927 371 4008 δνμενύῆνοιι.
418 3923 467 3990 Ne
499 3926 567 4009 quis
598 3924 750 3989 desideret
779 3925 821 3990 τοὶ
848 3925 936 3990 οούτοῦ
968 3922 1005 3987 of.
1036 3921 1115 3986 inira
1137 3923 1190 3985 31.

119 4030 227 4104 εἵύιπτιοι
254 4039 353 4118 λέγειν
378 4041 415 4112 ὡς
444 4041 494 4103 ούκ
524 4037 597 4109 εἱκύς
620 4040 681 4104 εὀτι
704 4035 828 4114 τὸνμὲν
851 4035 1063 4116 ποτὲρόούπού
1086 4045 1192 4097 κοοτελ·
1245 4110 1249 4115 ¹

120 4141 197 4211 ύύντοο
224 4150 330 4230 δοιοεύις
360 4149 477 4227 λοοβεῖν.
524 4147 640 4213 Contra
672 4150 725 4212 28.
758 4149 796 4212 17
830 4147 877 4212 bis
907 4147 1005 4218 κύτοῖς
1032 4143 1190 4220 scribitur,

121 4274 295 4346 quamquam
326 4261 453 4326 fortasse
483 4260 585 4323 minus
607 4282 640 4324 re
658 4267 698 4324 te.
744 4258 830 4323 Infra
851 4259 868 4343 b
890 4260 931 4321 23
956 4259 1044 4323 κὺτοῦ
1067 4276 1192 4338 usurpa·

122 4368 166 4431 tur
185 4371 216 4437 in
239 4372 431 4458 oppositione
454 4377 485 4435 et
506 4370 651 4455 legitime.
699 4371 745 4435 De
765 4370 943 4457 pronomine
958 4365 1038 4441 οὗτος
1054 4365 1194 4432 similiter

124 4490 259 4567 usurpato
282 4482 435 4548 monitum
459 4490 505 4546 est
529 4504 630 4566 supra.
