2958 5238
636 511 698 571 lta

119 703 168 766 vel
194 724 231 767 ex
255 703 387 788 abrupto
411 703 533 768 dicendi
556 727 684 790 genere,
703 707 753 771 vel
773 729 810 771 ex
825 710 1006 773 confusione
1022 712 1216 795 superiorum

117 835 297 892 causarum,
331 816 380 879 vel
409 815 541 899 denique
573 838 610 880 ex
639 816 784 902 perplexa
815 824 845 882 et
869 818 1000 883 obscura
1023 823 1215 887 enarratione

116 927 179 1003 rei,
205 925 243 989 dc
267 948 328 1012 qua
350 949 434 990 nunc
457 927 569 1010 agitur.
617 926 769 1011 Equidem
791 935 911 993 tanturn
929 930 1038 995 absum
1054 941 1090 994 ut
1105 931 1215 1017 Lysiae

118 1037 201 1100 hanc
225 1036 395 1100 existimem
420 1036 605 1113 orationem,
629 1042 666 1100 ut
688 1059 727 1100 ne
746 1036 856 1121 Lysiae
873 1038 998 1121 quidem
1015 1041 1136 1125 aequali
1152 1064 1216 1106 ora·

115 1148 179 1210 tori
212 1146 310 1209 ausim
342 1144 532 1228 adscribere,
561 1146 646 1229 quod
669 1147 807 1210 continet
829 1147 969 1211 vitiatam
990 1171 1092 1214 rernm
1116 1159 1216 1235 gesta·

115 1278 187 1320 rum
221 1255 399 1319 memoriam
430 1262 461 1318 et
493 1254 643 1338 quaedam
674 1279 753 1340 quae
785 1258 833 1320 vix
865 1280 974 1341 graeca
1003 1258 1063 1322 dici
1096 1262 1217 1344 possint

117 1368 226 1451 (supra
252 1367 427 1431 memoratis
452 1366 531 1430 addo
555 1370 587 1431 ἐκ
610 1367 744 1439 aurasiae
769 1390 824 1452 pro
847 1372 880 1433 ἐκ
906 1368 1007 1441 arsabir
1031 1370 1078 1434 vel
1104 1372 1214 1435 πωίδων

115 1481 132 1563 p
157 1480 232 1560 11),
263 1477 395 1561 deniqne
422 1478 592 1542 orationem
616 1478 796 1543 dissolutam
821 1486 851 1542 et
874 1479 964 1564 plane
987 1480 1147 1545 turbatum
1170 1504 1215 1545 or-

116 1588 242 1664 dinem,
275 1589 313 1653 de
342 1612 403 1673 quo
427 1596 580 1674 postremo
603 1596 667 1653 tam
690 1590 823 1673 graviter
846 1597 877 1654 et
901 1612 969 1653 vere
992 1591 1109 1654 Bakins
1133 1592 1212 1676 egit,

116 1706 153 1763 ut
174 1699 303 1763 verbum
323 1699 435 1764 addere
451 1722 710 1784 supervacaneum
725 1701 774 1763 sit.
810 1699 861 1762 Ad
877 1700 1119 1785 componendam
1136 1700 1214 1765 hanc

116 1811 290 1874 orationem
323 1817 430 1874 auctor
461 1811 570 1876 habuit
601 1833 672 1875 sane
700 1810 894 1888 adiumenta,
919 1811 1032 1896 quibus
1056 1833 1112 1875 nos
1135 1834 1215 1876 care·

116 1943 207 1997 mns3
234 1942 327 2003 quare
350 1921 500 2006 quaedam
523 1921 662 1985 continet
686 1922 776 1984 utilia
798 1921 837 1985 ad
858 1942 907 1984 res
923 1930 1023 2005 gestas
1040 1922 1125 1986 illius
1141 1930 1216 1987 tem·

118 2031 205 2116 poris
237 2031 481 2116 cognoscendas,
510 2031 563 2095 sed
587 2033 702 2097 sontem
727 2032 871 2096 historiae
895 2032 978 2095 hunc
1002 2054 1067 2096 esse
1090 2033 1215 2096 minime

116 2140 288 2225 limpidum
316 2148 347 2205 et
374 2150 463 2206 caute
487 2143 612 2206 omnino
636 2142 845 2207 adhibendum
868 2143 941 2206 satis
965 2143 1073 2226 opinor
1095 2164 1143 2206 me
1167 2142 1217 2207 de·

115 2252 347 2316 monstravisse.
394 2251 522 2329 Restat,
550 2259 587 2315 ut
618 2252 657 2315 ad
688 2252 895 2316 confirmanda
918 2253 1002 2316 dicta
1024 2251 1155 2316 breviter
1178 2253 1216 2316 de

116 2361 255 2446 singulis
279 2363 464 2446 quibusdam
488 2386 576 2448 agam
599 2364 686 2427 locis.

161 2474 181 2557 b
205 2475 236 2536 8.
283 2474 400 2555 τίτερον
433 2478 470 2545 ὥς
497 2477 611 2550 ἡλικίαν
635 2471 701 2554 εἶχε
723 2475 818 2550 λέγων
842 2497 870 2537 τι
894 2472 1120 2551 ereaturarum
1145 2473 1214 2550 τογ’

116 2585 190 2661 ὑμῖν
197 2631 207 2663 ,
232 2582 250 2657 ἢ
272 2585 313 2663 τῷ
337 2583 453 2659 adaeus
474 2584 632 2660 πιστεύων,
653 2580 698 2647 tta
714 2582 819 2664 ὑβρίζοι
838 2582 877 2653 είς
897 2587 952 2646 τῶν
969 2583 1111 2661 ὑμετέρων
1130 2581 1214 2658 τινοίς

118 2692 202 2775 (scil.
227 2694 405 2769 ἕτείύμκσεν
428 2691 465 2758 ίιν
483 2694 684 2778 ίλιγοιρχίκς).
731 2693 889 2757 Sententia
918 2692 992 2755 haec
1019 2691 1113 2755 fuisse
1136 2690 1217 2754 vide·

119 2810 175 2865 tur
205 2803 321 2882 πότερον
348 2804 449 2867 ἐθέλων
471 2828 500 2867 τι
524 2803 714 2868 νεωνιιύετίωι
739 2804 755 2879 ἢ
780 2802 920 2884 opattam
943 2801 982 2865 In
1005 2800 1100 2878 λέγων
1122 2800 1217 2864 latere

123 2911 251 2976 videtur
272 2914 373 2977 ἐθέλων
395 2913 443 2977 vel
466 2913 600 2994 ἐλπίζων.
646 2913 779 2979 Ἡλικίοιν
801 2914 835 2977 in
858 2914 972 2987 ἡλικίαις
995 2909 1188 2975 mutandum.

167 3024 186 3106 ξ
210 3026 240 3085 9.
287 3020 350 3087 ὥσθ’
373 3025 397 3088 οἱ
421 3025 522 3088 πολλοὶ
550 3024 651 3088 τοίντκ
675 3024 827 3101 ἐγίνωσκον
853 3027 957 3088 αὐτῶν.
997 3022 1081 3085 Fert.
1104 3020 1218 3095 τννεγί·

120 3154 253 3208 γνωσκον
275 3135 382 3204 αὐτοῖς.
431 3135 671 3212 Σνγγιγνίισκειν
693 3135 749 3199 τινί
771 3139 917 3199 assentiri
938 3138 1033 3198 οίίοκι·
1054 3131 1216 3215 aliquoties

118 3243 217 3306 habet
241 3242 436 3326 Thucydides
459 3251 490 3308 et
513 3245 620 3307 Isaeus
645 3247 674 3308 8.
700 3248 759 3315 38:
786 3250 841 3308 τῶν
861 3244 956 3325 φίλων
972 3266 1020 3320 μοι
1031 3247 1131 3306 τοῦτον
1142 3263 1217 3316 σωγ-

119 3353 353 3429 γιγνωσκόντων.

167 3465 261 3548 §lb
308 3464 351 3529 ὅτ’
374 3463 480 3540 ἐξέτινε
503 3469 543 3547 τῷ
566 3466 699 3546 δημοσίω.
746 3465 903 3531 Nimirum
923 3465 1062 3544 Φρύνιχος
1081 3463 1122 3526 τίκ
1140 3464 1217 3539 idai·

120 3573 238 3650 λίμῑνῶ
262 3581 316 3636 aut
338 3575 390 3645 τὴν
413 3574 530 3654 ζκκίων.
566 3576 645 3639 Mire
661 3578 780 3641 ἐκτίνειν
795 3577 935 3642 absolute
952 3575 1095 3660 ponitur5
1112 3593 1217 3656 quam-

122 3706 217 3766 quam
240 3684 274 3746 iu
298 3684 355 3747 hoc
379 3692 498 3749 oratore
520 3687 648 3750 fortasse
672 3686 840 3750 ferendum,
880 3685 928 3749 Of.
951 3687 969 3769 p
993 3687 1027 3746 6:
1062 3683 1086 3746 oi
1113 3681 1216 3761 aasz

122 3794 292 3870 ὑπέμεινων.
854 3782 856 3785 ’

168 3905 185 3987 b
211 3906 263 3967 13.
309 3903 355 3969 ίνω
379 3906 426 3970 τὸν
450 3908 503 3983 μὲν
527 3907 702 3985 βουλόμενον
725 3905 851 3988 ardori,
881 3907 905 3970 εί
930 3905 959 3970 δέ
982 3930 1022 3983 τῳ
1045 3905 1087 3981 μὴ
1110 3897 1163 3967 οἷον
1187 3899 1216 3965 τ’

122 4012 183 4087 aia,
208 4013 365 4095 χωρίζοιτο.
412 4016 575 4101 Delegerat
598 4018 744 4081 maiorem
766 4037 946 4092 numerum,
971 4020 1007 4076 ut
1028 4013 1084 4098 qui
1098 4012 1216 4076 nollent

123 4123 255 4207 collegio
290 4123 419 4189 adscribi
457 4149 598 4190 recusare
636 4133 777 4211 possent,
809 4125 911 4209 iisque
940 4133 1009 4187 tum
1040 4123 1167 4187 exemtis
1198 4143 1214 4184 e

124 4234 285 4318 catalogo,
317 4257 462 4298 numerus
493 4244 595 4301 tamen
626 4236 779 4300 sufficiens
811 4240 1002 4320 superesset;
1034 4233 1078 4296 ita
1108 4230 1214 4295 multis

124 4350 249 4427 gratum
279 4346 377 4410 facere
407 4354 535 4430 poterat.
583 4347 749 4411 Divinatur
779 4345 854 4409 haec
878 4344 1030 4408 sententia
1053 4366 1090 4406 ex
1113 4339 1213 4405 verbis

124 4454 263 4519 obscuris
297 4458 321 4521 εί
347 4451 401 4520 aida
428 4456 456 4520 r’
474 4456 515 4529 είκ
542 4479 583 4520 sc.
599 4461 655 4520 τῶν
670 4454 914 4535 τεντωκιςχιλίων
929 4450 1011 4517 εἶναι.
1048 4451 1213 4535 Exspeetes
