<?xml version="1.0" encoding="UTF-8"?>
<!DOCTYPE html PUBLIC "-//W3C//DTD XHTML 1.0 Transitional//EN"
    "http://www.w3.org/TR/xhtml1/DTD/xhtml1-transitional.dtd">
<html xmlns="http://www.w3.org/1999/xhtml" xml:lang="en" lang="en">
 <head>
  <title>
</title>
<meta http-equiv="Content-Type" content="text/html;charset=utf-8" />
  <meta name='ocr-system' content='tesseract 3.04.00' />
  <meta name='ocr-capabilities' content='ocr_page ocr_carea ocr_par ocr_line ocrx_word'/>
</head>
<body>
  <div class='ocr_page' id='page_1' title='image "./commentationesl03frangoog_0013.png"; bbox 0 0 3002 5240; ppageno 0'>
   <div class='ocr_carea' id='block_1_1' title="bbox 806 491 839 534">
    <p class='ocr_par' dir='ltr' id='par_1_1' title="bbox 806 491 839 534">
     <span class='ocr_line' id='line_1_1' title="bbox 806 491 839 534; baseline 0 0"><span class='ocrx_word' id='word_1_1' title='bbox 806 491 839 534; x_wconf 84' lang='lat' dir='ltr'><strong>VI</strong></span> 
     </span>
    </p>
   </div>
   <div class='ocr_carea' id='block_1_2' title="bbox 279 707 1384 3003">
    <p class='ocr_par' dir='ltr' id='par_1_2' title="bbox 279 707 1384 1762">
     <span class='ocr_line' id='line_1_2' title="bbox 280 707 1384 796; baseline 0.004 -26"><span class='ocrx_word' id='word_1_2' title='bbox 280 707 439 791; x_wconf 88' lang='lat' dir='ltr'><strong>legebant,</strong></span> <span class='ocrx_word' id='word_1_3' title='bbox 465 709 554 794; x_wconf 87' lang='lat' dir='ltr'><strong>plane</strong></span> <span class='ocrx_word' id='word_1_4' title='bbox 579 717 680 777; x_wconf 88' lang='lat' dir='ltr'><strong>autem</strong></span> <span class='ocrx_word' id='word_1_5' title='bbox 704 712 797 775; x_wconf 89' lang='lat' dir='ltr'><strong>alium</strong></span> <span class='ocrx_word' id='word_1_6' title='bbox 823 736 857 776; x_wconf 88' lang='lat' dir='ltr'><strong>ac</strong></span> <span class='ocrx_word' id='word_1_7' title='bbox 881 713 1035 777; x_wconf 86' lang='lat' dir='ltr'><strong>diversum</strong></span> <span class='ocrx_word' id='word_1_8' title='bbox 1059 713 1096 777; x_wconf 92' lang='lat' dir='ltr'><strong>ab</strong></span> <span class='ocrx_word' id='word_1_9' title='bbox 1121 735 1156 777; x_wconf 90' lang='lat' dir='ltr'><strong>eo</strong></span> <span class='ocrx_word' id='word_1_10' title='bbox 1180 735 1271 796; x_wconf 91' lang='lat' dir='ltr'><strong>quem</strong></span> <span class='ocrx_word' id='word_1_11' title='bbox 1294 711 1384 794; x_wconf 61' lang='lat' dir='ltr'><strong>Tap</strong></span> 
     </span>
     <span class='ocr_line' id='line_1_3' title="bbox 279 846 1371 936; baseline 0.003 -27"><span class='ocrx_word' id='word_1_12' title='bbox 279 846 364 910; x_wconf 90' lang='lat' dir='ltr'><strong>lorus</strong></span> <span class='ocrx_word' id='word_1_13' title='bbox 395 855 426 910; x_wconf 89' lang='lat' dir='ltr'><strong>et</strong></span> <span class='ocrx_word' id='word_1_14' title='bbox 457 847 659 913; x_wconf 87' lang='lat' dir='ltr'><strong>Marklandus</strong></span> <span class='ocrx_word' id='word_1_15' title='bbox 690 851 872 915; x_wconf 78' lang='lat' dir='ltr'>tractabant.</span> <span class='ocrx_word' id='word_1_16' title='bbox 917 851 975 915; x_wconf 84' lang='lat' dir='ltr'><strong>Vel</strong></span> <span class='ocrx_word' id='word_1_17' title='bbox 1006 853 1050 915; x_wconf 88' lang='lat' dir='ltr'><strong>sic</strong></span> <span class='ocrx_word' id='word_1_18' title='bbox 1077 860 1179 916; x_wconf 89' lang='lat' dir='ltr'><strong>tamen</strong></span> <span class='ocrx_word' id='word_1_19' title='bbox 1203 855 1371 936; x_wconf 74' lang='lat' dir='ltr'><strong>supersunt</strong></span> 
     </span>
     <span class='ocr_line' id='line_1_4' title="bbox 280 984 1371 1073; baseline 0.005 -27"><span class='ocrx_word' id='word_1_20' title='bbox 280 984 378 1047; x_wconf 90' lang='lat' dir='ltr'><strong>multa</strong></span> <span class='ocrx_word' id='word_1_21' title='bbox 408 984 446 1048; x_wconf 93' lang='lat' dir='ltr'><strong>ad</strong></span> <span class='ocrx_word' id='word_1_22' title='bbox 479 1007 556 1069; x_wconf 89' lang='lat' dir='ltr'><strong>quae</strong></span> <span class='ocrx_word' id='word_1_23' title='bbox 587 988 766 1073; x_wconf 88' lang='lat' dir='ltr'><strong>refingenda</strong></span> <span class='ocrx_word' id='word_1_24' title='bbox 796 997 827 1053; x_wconf 90' lang='lat' dir='ltr'><strong>et</strong></span> <span class='ocrx_word' id='word_1_25' title='bbox 851 988 987 1053; x_wconf 87' lang='lat' dir='ltr'><strong>sananda</strong></span> <span class='ocrx_word' id='word_1_26' title='bbox 1015 989 1182 1053; x_wconf 89' lang='lat' dir='ltr'><strong>multorum</strong></span> <span class='ocrx_word' id='word_1_27' title='bbox 1208 990 1299 1051; x_wconf 86' lang='lat' dir='ltr'><strong>ctiam</strong></span> <span class='ocrx_word' id='word_1_28' title='bbox 1324 988 1371 1051; x_wconf 94' lang='lat' dir='ltr'><strong>in·</strong></span> 
     </span>
     <span class='ocr_line' id='line_1_5' title="bbox 280 1120 1369 1210; baseline 0.004 -26"><span class='ocrx_word' id='word_1_29' title='bbox 280 1120 397 1185; x_wconf 79' lang='lat' dir='ltr'><strong>dustria</strong></span> <span class='ocrx_word' id='word_1_30' title='bbox 429 1131 460 1185; x_wconf 89' lang='lat' dir='ltr'><strong>ct</strong></span> <span class='ocrx_word' id='word_1_31' title='bbox 495 1146 623 1187; x_wconf 83' lang='lat' dir='ltr'>acumen</span> <span class='ocrx_word' id='word_1_32' title='bbox 658 1127 867 1210; x_wconf 88' lang='lat' dir='ltr'><strong>requiruntur.</strong></span> <span class='ocrx_word' id='word_1_33' title='bbox 916 1126 1025 1209; x_wconf 88' lang='lat' dir='ltr'><strong>Itaque</strong></span> <span class='ocrx_word' id='word_1_34' title='bbox 1060 1133 1236 1190; x_wconf 79' lang='lat' dir='ltr'><strong>tentaturus</strong></span> <span class='ocrx_word' id='word_1_35' title='bbox 1266 1148 1369 1200; x_wconf 85' lang='lat' dir='ltr'><strong>nnnc,</strong></span> 
     </span>
     <span class='ocr_line' id='line_1_6' title="bbox 280 1259 1370 1348; baseline 0.002 -26"><span class='ocrx_word' id='word_1_36' title='bbox 280 1259 391 1341; x_wconf 83' lang='lat' dir='ltr'><strong>ecquid</strong></span> <span class='ocrx_word' id='word_1_37' title='bbox 415 1259 512 1324; x_wconf 87' lang='lat' dir='ltr'><strong>bonae</strong></span> <span class='ocrx_word' id='word_1_38' title='bbox 535 1262 632 1347; x_wconf 83' lang='lat' dir='ltr'><strong>frugis</strong></span> <span class='ocrx_word' id='word_1_39' title='bbox 656 1262 762 1327; x_wconf 86' lang='lat' dir='ltr'><strong>afferre</strong></span> <span class='ocrx_word' id='word_1_40' title='bbox 784 1286 921 1348; x_wconf 89' lang='lat' dir='ltr'><strong>possem,</strong></span> <span class='ocrx_word' id='word_1_41' title='bbox 938 1263 1061 1348; x_wconf 83' lang='lat' dir='ltr'><strong>Lysiam</strong></span> <span class='ocrx_word' id='word_1_42' title='bbox 1081 1263 1166 1347; x_wconf 87' lang='lat' dir='ltr'><strong>„legi</strong></span> <span class='ocrx_word' id='word_1_43' title='bbox 1182 1271 1214 1326; x_wconf 88' lang='lat' dir='ltr'><strong>et</strong></span> <span class='ocrx_word' id='word_1_44' title='bbox 1230 1272 1265 1325; x_wconf 93' lang='lat' dir='ltr'><strong>ut</strong></span> <span class='ocrx_word' id='word_1_45' title='bbox 1280 1262 1370 1347; x_wconf 89' lang='lat' dir='ltr'><strong>potui</strong></span> 
     </span>
     <span class='ocr_line' id='line_1_7' title="bbox 280 1396 1371 1486; baseline 0.002 -28"><span class='ocrx_word' id='word_1_46' title='bbox 280 1396 470 1460; x_wconf 85' lang='lat' dir='ltr'><strong>emendavi.”</strong></span> <span class='ocrx_word' id='word_1_47' title='bbox 509 1397 638 1462; x_wconf 83' lang='lat' dir='ltr'>Omissis</span> <span class='ocrx_word' id='word_1_48' title='bbox 670 1401 751 1463; x_wconf 90' lang='lat' dir='ltr'><strong>enim</strong></span> <span class='ocrx_word' id='word_1_49' title='bbox 783 1400 876 1478; x_wconf 86' lang='lat' dir='ltr'><strong>locis,</strong></span> <span class='ocrx_word' id='word_1_50' title='bbox 907 1401 945 1465; x_wconf 90' lang='lat' dir='ltr'><strong>de</strong></span> <span class='ocrx_word' id='word_1_51' title='bbox 969 1400 1082 1486; x_wconf 90' lang='lat' dir='ltr'><strong>quibus</strong></span> <span class='ocrx_word' id='word_1_52' title='bbox 1105 1400 1183 1464; x_wconf 89' lang='lat' dir='ltr'>nihil</span> <span class='ocrx_word' id='word_1_53' title='bbox 1207 1400 1278 1463; x_wconf 90' lang='lat' dir='ltr'><strong>novi</strong></span> <span class='ocrx_word' id='word_1_54' title='bbox 1301 1421 1371 1482; x_wconf 90' lang='lat' dir='ltr'><strong>pro·</strong></span> 
     </span>
     <span class='ocr_line' id='line_1_8' title="bbox 280 1537 1369 1623; baseline 0 -24"><span class='ocrx_word' id='word_1_55' title='bbox 280 1537 357 1600; x_wconf 86' lang='lat' dir='ltr'><strong>ferre</strong></span> <span class='ocrx_word' id='word_1_56' title='bbox 390 1559 524 1620; x_wconf 87' lang='lat' dir='ltr'><strong>possem,</strong></span> <span class='ocrx_word' id='word_1_57' title='bbox 550 1537 620 1601; x_wconf 91' lang='lat' dir='ltr'><strong>dedi</strong></span> <span class='ocrx_word' id='word_1_58' title='bbox 652 1561 730 1622; x_wconf 91' lang='lat' dir='ltr'><strong>quae</strong></span> <span class='ocrx_word' id='word_1_59' title='bbox 762 1541 827 1623; x_wconf 89' lang='lat' dir='ltr'><strong>ipse</strong></span> <span class='ocrx_word' id='word_1_60' title='bbox 850 1562 930 1603; x_wconf 90' lang='lat' dir='ltr'><strong>nova</strong></span> <span class='ocrx_word' id='word_1_61' title='bbox 952 1540 1137 1603; x_wconf 88' lang='lat' dir='ltr'><strong>invenissem</strong></span> <span class='ocrx_word' id='word_1_62' title='bbox 1160 1546 1214 1602; x_wconf 91' lang='lat' dir='ltr'><strong>aut</strong></span> <span class='ocrx_word' id='word_1_63' title='bbox 1237 1539 1275 1602; x_wconf 91' lang='lat' dir='ltr'><strong>ab</strong></span> <span class='ocrx_word' id='word_1_64' title='bbox 1299 1537 1369 1601; x_wconf 91' lang='lat' dir='ltr'><strong>aliis</strong></span> 
     </span>
     <span class='ocr_line' id='line_1_9' title="bbox 280 1675 1106 1762; baseline 0.007 -26"><span class='ocrx_word' id='word_1_65' title='bbox 280 1675 340 1737; x_wconf 91' lang='lat' dir='ltr'><strong>iam</strong></span> <span class='ocrx_word' id='word_1_66' title='bbox 364 1676 488 1738; x_wconf 89' lang='lat' dir='ltr'><strong>inventa</strong></span> <span class='ocrx_word' id='word_1_67' title='bbox 512 1678 598 1740; x_wconf 85' lang='lat' dir='ltr'><strong>noris</strong></span> <span class='ocrx_word' id='word_1_68' title='bbox 622 1678 811 1762; x_wconf 83' lang='lat' dir='ltr'><strong>argumentis</strong></span> <span class='ocrx_word' id='word_1_69' title='bbox 835 1678 953 1741; x_wconf 90' lang='lat' dir='ltr'><strong>firmare</strong></span> <span class='ocrx_word' id='word_1_70' title='bbox 977 1700 1106 1762; x_wconf 88' lang='lat' dir='ltr'><strong>possem.</strong></span> 
     </span>
    </p>

    <p class='ocr_par' dir='ltr' id='par_1_3' title="bbox 281 1813 1374 3003">
     <span class='ocr_line' id='line_1_10' title="bbox 325 1813 1371 1893; baseline 0.002 -17"><span class='ocrx_word' id='word_1_71' title='bbox 325 1813 452 1877; x_wconf 82' lang='lat' dir='ltr'><strong>Interim</strong></span> <span class='ocrx_word' id='word_1_72' title='bbox 482 1814 559 1877; x_wconf 93' lang='lat' dir='ltr'><strong>mihi</strong></span> <span class='ocrx_word' id='word_1_73' title='bbox 588 1816 753 1879; x_wconf 87' lang='lat' dir='ltr'><strong>subsistere</strong></span> <span class='ocrx_word' id='word_1_74' title='bbox 784 1837 847 1879; x_wconf 91' lang='lat' dir='ltr'><strong>non</strong></span> <span class='ocrx_word' id='word_1_75' title='bbox 876 1817 975 1879; x_wconf 91' lang='lat' dir='ltr'><strong>visum</strong></span> <span class='ocrx_word' id='word_1_76' title='bbox 1007 1822 1054 1879; x_wconf 88' lang='lat' dir='ltr'><strong>est</strong></span> <span class='ocrx_word' id='word_1_77' title='bbox 1085 1817 1116 1879; x_wconf 91' lang='lat' dir='ltr'><strong>in</strong></span> <span class='ocrx_word' id='word_1_78' title='bbox 1140 1814 1371 1893; x_wconf 83' lang='lat' dir='ltr'><strong>emendatione,</strong></span> 
     </span>
     <span class='ocr_line' id='line_1_11' title="bbox 282 1951 1372 2037; baseline 0.002 -24"><span class='ocrx_word' id='word_1_79' title='bbox 282 1951 334 2014; x_wconf 87' lang='lat' dir='ltr'><strong>sed</strong></span> <span class='ocrx_word' id='word_1_80' title='bbox 365 1974 454 2035; x_wconf 90' lang='lat' dir='ltr'><strong>saepe</strong></span> <span class='ocrx_word' id='word_1_81' title='bbox 485 1951 574 2029; x_wconf 90' lang='lat' dir='ltr'><strong>locis,</strong></span> <span class='ocrx_word' id='word_1_82' title='bbox 607 1953 662 2037; x_wconf 91' lang='lat' dir='ltr'><strong>qui</strong></span> <span class='ocrx_word' id='word_1_83' title='bbox 691 1953 877 2018; x_wconf 89' lang='lat' dir='ltr'><strong>insanabiles</strong></span> <span class='ocrx_word' id='word_1_84' title='bbox 901 1962 1018 2032; x_wconf 86' lang='lat' dir='ltr'><strong>esseut,</strong></span> <span class='ocrx_word' id='word_1_85' title='bbox 1043 1953 1118 2037; x_wconf 93' lang='lat' dir='ltr'><strong>quid</strong></span> <span class='ocrx_word' id='word_1_86' title='bbox 1141 1961 1229 2017; x_wconf 86' lang='lat' dir='ltr'><strong>tenor</strong></span> <span class='ocrx_word' id='word_1_87' title='bbox 1252 1960 1372 2016; x_wconf 87' lang='lat' dir='ltr'><strong>senten-</strong></span> 
     </span>
     <span class='ocr_line' id='line_1_12' title="bbox 282 2090 1373 2176; baseline -0.001 -23"><span class='ocrx_word' id='word_1_88' title='bbox 282 2091 393 2153; x_wconf 89' lang='lat' dir='ltr'><strong>tiarum</strong></span> <span class='ocrx_word' id='word_1_89' title='bbox 425 2091 594 2176; x_wconf 89' lang='lat' dir='ltr'><strong>postularet</strong></span> <span class='ocrx_word' id='word_1_90' title='bbox 625 2092 751 2156; x_wconf 89' lang='lat' dir='ltr'><strong>definire</strong></span> <span class='ocrx_word' id='word_1_91' title='bbox 785 2102 913 2156; x_wconf 90' lang='lat' dir='ltr'><strong>conatus</strong></span> <span class='ocrx_word' id='word_1_92' title='bbox 945 2115 1031 2169; x_wconf 89' lang='lat' dir='ltr'><strong>sum,</strong></span> <span class='ocrx_word' id='word_1_93' title='bbox 1064 2100 1099 2156; x_wconf 89' lang='lat' dir='ltr'><strong>ut</strong></span> <span class='ocrx_word' id='word_1_94' title='bbox 1131 2091 1250 2155; x_wconf 89' lang='lat' dir='ltr'><strong>etiamsi</strong></span> <span class='ocrx_word' id='word_1_95' title='bbox 1280 2090 1373 2153; x_wconf 88' lang='lat' dir='ltr'><strong>verba</strong></span> 
     </span>
     <span class='ocr_line' id='line_1_13' title="bbox 282 2228 1373 2308; baseline 0.001 -17"><span class='ocrx_word' id='word_1_96' title='bbox 282 2230 441 2294; x_wconf 87' lang='lat' dir='ltr'><strong>restituere</strong></span> <span class='ocrx_word' id='word_1_97' title='bbox 473 2252 535 2294; x_wconf 89' lang='lat' dir='ltr'><strong>non</strong></span> <span class='ocrx_word' id='word_1_98' title='bbox 566 2230 706 2308; x_wconf 88' lang='lat' dir='ltr'><strong>daretur,</strong></span> <span class='ocrx_word' id='word_1_99' title='bbox 739 2239 873 2295; x_wconf 85' lang='lat' dir='ltr'><strong>mentem</strong></span> <span class='ocrx_word' id='word_1_100' title='bbox 903 2239 983 2295; x_wconf 86' lang='lat' dir='ltr'><strong>certe</strong></span> <span class='ocrx_word' id='word_1_101' title='bbox 1014 2231 1141 2294; x_wconf 87' lang='lat' dir='ltr'><strong>oratoris</strong></span> <span class='ocrx_word' id='word_1_102' title='bbox 1165 2252 1202 2293; x_wconf 87' lang='lat' dir='ltr'><strong>ex</strong></span> <span class='ocrx_word' id='word_1_103' title='bbox 1224 2228 1373 2293; x_wconf 86' lang='lat' dir='ltr'><strong>tenuibus</strong></span> 
     </span>
     <span class='ocr_line' id='line_1_14' title="bbox 282 2363 1374 2452; baseline -0.005 -21"><span class='ocrx_word' id='word_1_104' title='bbox 282 2367 412 2431; x_wconf 86' lang='lat' dir='ltr'><strong>subinde</strong></span> <span class='ocrx_word' id='word_1_105' title='bbox 447 2367 568 2431; x_wconf 91' lang='lat' dir='ltr'><strong>indiciis</strong></span> <span class='ocrx_word' id='word_1_106' title='bbox 603 2368 797 2452; x_wconf 83' lang='lat' dir='ltr'><strong>indagarem,</strong></span> <span class='ocrx_word' id='word_1_107' title='bbox 833 2367 964 2452; x_wconf 85' lang='lat' dir='ltr'><strong>exempli</strong></span> <span class='ocrx_word' id='word_1_108' title='bbox 999 2389 1091 2430; x_wconf 87' lang='lat' dir='ltr'><strong>causa</strong></span> <span class='ocrx_word' id='word_1_109' title='bbox 1125 2374 1247 2430; x_wconf 89' lang='lat' dir='ltr'><strong>tantum</strong></span> <span class='ocrx_word' id='word_1_110' title='bbox 1283 2363 1374 2429; x_wconf 88' lang='lat' dir='ltr'><strong>verba</strong></span> 
     </span>
     <span class='ocr_line' id='line_1_15' title="bbox 282 2504 1373 2591; baseline -0.004 -22"><span class='ocrx_word' id='word_1_111' title='bbox 282 2505 431 2590; x_wconf 90' lang='lat' dir='ltr'><strong>quaedam</strong></span> <span class='ocrx_word' id='word_1_112' title='bbox 454 2528 644 2591; x_wconf 89' lang='lat' dir='ltr'><strong>proponens,</strong></span> <span class='ocrx_word' id='word_1_113' title='bbox 668 2507 782 2591; x_wconf 90' lang='lat' dir='ltr'><strong>quibus</strong></span> <span class='ocrx_word' id='word_1_114' title='bbox 807 2506 858 2570; x_wconf 89' lang='lat' dir='ltr'><strong>ille</strong></span> <span class='ocrx_word' id='word_1_115' title='bbox 875 2507 922 2568; x_wconf 90' lang='lat' dir='ltr'><strong>uti</strong></span> <span class='ocrx_word' id='word_1_116' title='bbox 938 2506 1100 2590; x_wconf 87' lang='lat' dir='ltr'><strong>potuisset.</strong></span> <span class='ocrx_word' id='word_1_117' title='bbox 1130 2504 1251 2567; x_wconf 79' lang='lat' dir='ltr'><strong>Etenim</strong></span> <span class='ocrx_word' id='word_1_118' title='bbox 1269 2525 1373 2586; x_wconf 88' lang='lat' dir='ltr'><strong>qnem-</strong></span> 
     </span>
     <span class='ocr_line' id='line_1_16' title="bbox 285 2639 1374 2708; baseline -0.006 0"><span class='ocrx_word' id='word_1_119' title='bbox 285 2644 448 2708; x_wconf 90' lang='lat' dir='ltr'><strong>admodnm</strong></span> <span class='ocrx_word' id='word_1_120' title='bbox 482 2666 516 2707; x_wconf 83' lang='lat' dir='ltr'><strong>ex</strong></span> <span class='ocrx_word' id='word_1_121' title='bbox 549 2644 711 2708; x_wconf 86' lang='lat' dir='ltr'><strong>ruderibus</strong></span> <span class='ocrx_word' id='word_1_122' title='bbox 743 2645 781 2708; x_wconf 88' lang='lat' dir='ltr'><strong>de</strong></span> <span class='ocrx_word' id='word_1_123' title='bbox 813 2644 942 2708; x_wconf 82' lang='lat' dir='ltr'><strong>aedificii</strong></span> <span class='ocrx_word' id='word_1_124' title='bbox 974 2643 1090 2706; x_wconf 89' lang='lat' dir='ltr'><strong>ambitu</strong></span> <span class='ocrx_word' id='word_1_125' title='bbox 1123 2651 1154 2706; x_wconf 85' lang='lat' dir='ltr'><strong>et</strong></span> <span class='ocrx_word' id='word_1_126' title='bbox 1176 2642 1273 2704; x_wconf 82' lang='lat' dir='ltr'><strong>forma</strong></span> <span class='ocrx_word' id='word_1_127' title='bbox 1295 2639 1374 2703; x_wconf 89' lang='lat' dir='ltr'><strong>iudi·</strong></span> 
     </span>
     <span class='ocr_line' id='line_1_17' title="bbox 282 2778 1371 2868; baseline -0.006 -22"><span class='ocrx_word' id='word_1_128' title='bbox 282 2805 349 2846; x_wconf 90' lang='lat' dir='ltr'><strong>care</strong></span> <span class='ocrx_word' id='word_1_129' title='bbox 372 2781 460 2859; x_wconf 89' lang='lat' dir='ltr'><strong>licet,</strong></span> <span class='ocrx_word' id='word_1_130' title='bbox 485 2783 528 2846; x_wconf 89' lang='lat' dir='ltr'><strong>sic</strong></span> <span class='ocrx_word' id='word_1_131' title='bbox 553 2806 589 2845; x_wconf 83' lang='lat' dir='ltr'><strong>ex</strong></span> <span class='ocrx_word' id='word_1_132' title='bbox 613 2784 791 2868; x_wconf 82' lang='lat' dir='ltr'><strong>fragmentis</strong></span> <span class='ocrx_word' id='word_1_133' title='bbox 814 2782 979 2859; x_wconf 87' lang='lat' dir='ltr'><strong>orationis,</strong></span> <span class='ocrx_word' id='word_1_134' title='bbox 1005 2781 1068 2843; x_wconf 88' lang='lat' dir='ltr'><strong>sive</strong></span> <span class='ocrx_word' id='word_1_135' title='bbox 1091 2779 1142 2843; x_wconf 88' lang='lat' dir='ltr'><strong>illa</strong></span> <span class='ocrx_word' id='word_1_136' title='bbox 1168 2801 1273 2863; x_wconf 88' lang='lat' dir='ltr'><strong>sparsa</strong></span> <span class='ocrx_word' id='word_1_137' title='bbox 1288 2778 1371 2862; x_wconf 92' lang='lat' dir='ltr'><strong>apud</strong></span> 
     </span>
     <span class='ocr_line' id='line_1_18' title="bbox 281 2917 1373 3003; baseline -0.005 -18"><span class='ocrx_word' id='word_1_138' title='bbox 281 2921 394 2985; x_wconf 88' lang='lat' dir='ltr'><strong>multos</strong></span> <span class='ocrx_word' id='word_1_139' title='bbox 426 2937 566 2987; x_wconf 80' lang='lat' dir='ltr'><strong>auctores</strong></span> <span class='ocrx_word' id='word_1_140' title='bbox 597 2925 809 3000; x_wconf 86' lang='lat' dir='ltr'><strong>inveniantur,</strong></span> <span class='ocrx_word' id='word_1_141' title='bbox 843 2919 905 2986; x_wconf 92' lang='lat' dir='ltr'><strong>sive</strong></span> <span class='ocrx_word' id='word_1_142' title='bbox 937 2920 1065 2990; x_wconf 88' lang='lat' dir='ltr'><strong>collecta</strong></span> <span class='ocrx_word' id='word_1_143' title='bbox 1094 2918 1201 3003; x_wconf 87' lang='lat' dir='ltr'><strong>plenae</strong></span> <span class='ocrx_word' id='word_1_144' title='bbox 1225 2917 1373 2981; x_wconf 88' lang='lat' dir='ltr'><strong>orationis</strong></span> 
     </span>
    </p>
   </div>
   <div class='ocr_carea' id='block_1_3' title="bbox 281 3056 1371 3145">
    <p class='ocr_par' dir='ltr' id='par_1_4' title="bbox 281 3056 1371 3145">
     <span class='ocr_line' id='line_1_19' title="bbox 281 3056 1371 3145; baseline -0.006 -21"><span class='ocrx_word' id='word_1_145' title='bbox 281 3082 392 3124; x_wconf 91' lang='lat' dir='ltr'><strong>nomen</strong></span> <span class='ocrx_word' id='word_1_146' title='bbox 423 3060 536 3123; x_wconf 89' lang='lat' dir='ltr'><strong>iniuria</strong></span> <span class='ocrx_word' id='word_1_147' title='bbox 566 3083 638 3145; x_wconf 88' lang='lat' dir='ltr'><strong>prae</strong></span> <span class='ocrx_word' id='word_1_148' title='bbox 667 3062 838 3138; x_wconf 73' lang='lat' dir='ltr'><strong>scierant,</strong></span> <span class='ocrx_word' id='word_1_149' title='bbox 863 3059 901 3123; x_wconf 92' lang='lat' dir='ltr'><strong>de</strong></span> <span class='ocrx_word' id='word_1_150' title='bbox 930 3060 1026 3122; x_wconf 89' lang='lat' dir='ltr'><strong>totius</strong></span> <span class='ocrx_word' id='word_1_151' title='bbox 1050 3058 1197 3122; x_wconf 87' lang='lat' dir='ltr'><strong>orationis</strong></span> <span class='ocrx_word' id='word_1_152' title='bbox 1221 3056 1317 3119; x_wconf 85' lang='lat' dir='ltr'><strong>forma</strong></span> <span class='ocrx_word' id='word_1_153' title='bbox 1341 3065 1371 3118; x_wconf 90' lang='lat' dir='ltr'><strong>et</strong></span> 
     </span>
    </p>
   </div>
   <div class='ocr_carea' id='block_1_4' title="bbox 281 3160 1373 3277">
    <p class='ocr_par' dir='ltr' id='par_1_5' title="bbox 281 3160 1373 3277">
     <span class='ocr_line' id='line_1_20' title="bbox 281 3160 1373 3277; baseline -0.008 -15"><span class='ocrx_word' id='word_1_154' title='bbox 281 3160 390 3262; x_wconf 89' lang='lat' dir='ltr'><strong>habitu</strong></span> <span class='ocrx_word' id='word_1_155' title='bbox 413 3197 549 3261; x_wconf 88' lang='lat' dir='ltr'><strong>iudicare</strong></span> <span class='ocrx_word' id='word_1_156' title='bbox 568 3199 686 3263; x_wconf 90' lang='lat' dir='ltr'><strong>licebit.</strong></span> <span class='ocrx_word' id='word_1_157' title='bbox 733 3199 770 3261; x_wconf 90' lang='lat' dir='ltr'><strong>Id</strong></span> <span class='ocrx_word' id='word_1_158' title='bbox 795 3205 897 3263; x_wconf 86' lang='lat' dir='ltr'><strong>autem</strong></span> <span class='ocrx_word' id='word_1_159' title='bbox 922 3196 1045 3272; x_wconf 85' lang='lat' dir='ltr'><strong>studui,</strong></span> <span class='ocrx_word' id='word_1_160' title='bbox 1072 3204 1192 3258; x_wconf 87' lang='lat' dir='ltr'><strong>utnon</strong></span> <span class='ocrx_word' id='word_1_161' title='bbox 1216 3216 1252 3257; x_wconf 86' lang='lat' dir='ltr'><strong>ex</strong></span> <span class='ocrx_word' id='word_1_162' title='bbox 1269 3192 1373 3277; x_wconf 88' lang='lat' dir='ltr'><strong>paucis</strong></span> 
     </span>
    </p>
   </div>
   <div class='ocr_carea' id='block_1_5' title="bbox 282 3331 1375 4246">
    <p class='ocr_par' dir='ltr' id='par_1_6' title="bbox 282 3331 1375 4246">
     <span class='ocr_line' id='line_1_21' title="bbox 282 3331 1375 3420; baseline -0.006 -20"><span class='ocrx_word' id='word_1_163' title='bbox 282 3336 501 3420; x_wconf 85' lang='lat' dir='ltr'><strong>integrioribus</strong></span> <span class='ocrx_word' id='word_1_164' title='bbox 530 3337 719 3401; x_wconf 90' lang='lat' dir='ltr'><strong>orationibus</strong></span> <span class='ocrx_word' id='word_1_165' title='bbox 749 3335 802 3399; x_wconf 88' lang='lat' dir='ltr'><strong>sed</strong></span> <span class='ocrx_word' id='word_1_166' title='bbox 835 3358 870 3399; x_wconf 85' lang='lat' dir='ltr'><strong>ex</strong></span> <span class='ocrx_word' id='word_1_167' title='bbox 898 3356 991 3419; x_wconf 89' lang='lat' dir='ltr'><strong>quam</strong></span> <span class='ocrx_word' id='word_1_168' title='bbox 1016 3333 1155 3417; x_wconf 84' lang='lat' dir='ltr'><strong>plurimis</strong></span> <span class='ocrx_word' id='word_1_169' title='bbox 1179 3331 1269 3415; x_wconf 89' lang='lat' dir='ltr'><strong>plene</strong></span> <span class='ocrx_word' id='word_1_170' title='bbox 1292 3331 1375 3414; x_wconf 89' lang='lat' dir='ltr'><strong>inge·</strong></span> 
     </span>
     <span class='ocr_line' id='line_1_22' title="bbox 282 3467 1374 3559; baseline -0.006 -22"><span class='ocrx_word' id='word_1_171' title='bbox 282 3475 369 3537; x_wconf 90' lang='lat' dir='ltr'><strong>nium</strong></span> <span class='ocrx_word' id='word_1_172' title='bbox 400 3473 509 3559; x_wconf 84' lang='lat' dir='ltr'><strong>Lysiae</strong></span> <span class='ocrx_word' id='word_1_173' title='bbox 538 3474 628 3558; x_wconf 85' lang='lat' dir='ltr'><strong>quale</strong></span> <span class='ocrx_word' id='word_1_174' title='bbox 659 3474 766 3537; x_wconf 81' lang='lat' dir='ltr'><strong>luisset</strong></span> <span class='ocrx_word' id='word_1_175' title='bbox 798 3474 873 3537; x_wconf 89' lang='lat' dir='ltr'><strong>mihi</strong></span> <span class='ocrx_word' id='word_1_176' title='bbox 897 3473 1101 3536; x_wconf 85' lang='lat' dir='ltr'><strong>informarem.</strong></span> <span class='ocrx_word' id='word_1_177' title='bbox 1150 3468 1270 3554; x_wconf 86' lang='lat' dir='ltr'><strong>Operae</strong></span> <span class='ocrx_word' id='word_1_178' title='bbox 1293 3467 1374 3532; x_wconf 86' lang='lat' dir='ltr'><strong>enirn</strong></span> 
     </span>
     <span class='ocr_line' id='line_1_23' title="bbox 283 3608 1375 3698; baseline -0.009 -20"><span class='ocrx_word' id='word_1_179' title='bbox 283 3614 415 3698; x_wconf 90' lang='lat' dir='ltr'><strong>pretium</strong></span> <span class='ocrx_word' id='word_1_180' title='bbox 439 3612 600 3677; x_wconf 86' lang='lat' dir='ltr'><strong>videbatur</strong></span> <span class='ocrx_word' id='word_1_181' title='bbox 623 3612 806 3698; x_wconf 86' lang='lat' dir='ltr'><strong>disquirere,</strong></span> <span class='ocrx_word' id='word_1_182' title='bbox 831 3611 906 3695; x_wconf 91' lang='lat' dir='ltr'><strong>qnid</strong></span> <span class='ocrx_word' id='word_1_183' title='bbox 930 3612 968 3675; x_wconf 86' lang='lat' dir='ltr'><strong>de</strong></span> <span class='ocrx_word' id='word_1_184' title='bbox 990 3610 1119 3694; x_wconf 81' lang='lat' dir='ltr'><strong>Lysiaca</strong></span> <span class='ocrx_word' id='word_1_185' title='bbox 1142 3608 1331 3690; x_wconf 87' lang='lat' dir='ltr'><strong>eloquentia,</strong></span> <span class='ocrx_word' id='word_1_186' title='bbox 1356 3629 1375 3668; x_wconf 94' lang='lat' dir='ltr'><strong>a</strong></span> 
     </span>
     <span class='ocr_line' id='line_1_24' title="bbox 282 3745 1373 3839; baseline -0.01 -24"><span class='ocrx_word' id='word_1_187' title='bbox 282 3753 436 3839; x_wconf 88' lang='lat' dir='ltr'><strong>plerisque</strong></span> <span class='ocrx_word' id='word_1_188' title='bbox 472 3753 598 3816; x_wconf 87' lang='lat' dir='ltr'><strong>summis</strong></span> <span class='ocrx_word' id='word_1_189' title='bbox 633 3751 778 3816; x_wconf 90' lang='lat' dir='ltr'><strong>laudibus</strong></span> <span class='ocrx_word' id='word_1_190' title='bbox 818 3749 970 3814; x_wconf 88' lang='lat' dir='ltr'><strong>celebrata</strong></span> <span class='ocrx_word' id='word_1_191' title='bbox 1011 3745 1249 3811; x_wconf 84' lang='lat' dir='ltr'><strong>existimandum</strong></span> <span class='ocrx_word' id='word_1_192' title='bbox 1285 3752 1373 3806; x_wconf 86' lang='lat' dir='ltr'><strong>esset.</strong></span> 
     </span>
     <span class='ocr_line' id='line_1_25' title="bbox 282 3883 1375 3975; baseline -0.014 -19"><span class='ocrx_word' id='word_1_193' title='bbox 282 3891 375 3972; x_wconf 78' lang='lat' dir='ltr'><strong>Quod</strong></span> <span class='ocrx_word' id='word_1_194' title='bbox 404 3893 430 3955; x_wconf 88' lang='lat' dir='ltr'><strong>si</strong></span> <span class='ocrx_word' id='word_1_195' title='bbox 462 3891 531 3975; x_wconf 87' lang='lat' dir='ltr'><strong>quis</strong></span> <span class='ocrx_word' id='word_1_196' title='bbox 560 3889 679 3953; x_wconf 86' lang='lat' dir='ltr'><strong>differre</strong></span> <span class='ocrx_word' id='word_1_197' title='bbox 704 3889 786 3952; x_wconf 90' lang='lat' dir='ltr'><strong>volet</strong></span> <span class='ocrx_word' id='word_1_198' title='bbox 808 3887 905 3951; x_wconf 90' lang='lat' dir='ltr'><strong>donec</strong></span> <span class='ocrx_word' id='word_1_199' title='bbox 928 3907 1040 3971; x_wconf 90' lang='lat' dir='ltr'><strong>purum</strong></span> <span class='ocrx_word' id='word_1_200' title='bbox 1064 3883 1230 3947; x_wconf 88' lang='lat' dir='ltr'><strong>habeamus</strong></span> <span class='ocrx_word' id='word_1_201' title='bbox 1255 3887 1375 3944; x_wconf 85' lang='lat' dir='ltr'><strong>contex-</strong></span> 
     </span>
     <span class='ocr_line' id='line_1_26' title="bbox 282 4017 1375 4113; baseline -0.012 -20"><span class='ocrx_word' id='word_1_202' title='bbox 282 4041 365 4106; x_wconf 87' lang='lat' dir='ltr'><strong>tum,</strong></span> <span class='ocrx_word' id='word_1_203' title='bbox 391 4029 524 4113; x_wconf 89' lang='lat' dir='ltr'><strong>primum</strong></span> <span class='ocrx_word' id='word_1_204' title='bbox 549 4049 658 4112; x_wconf 89' lang='lat' dir='ltr'><strong>parum</strong></span> <span class='ocrx_word' id='word_1_205' title='bbox 690 4034 735 4089; x_wconf 88' lang='lat' dir='ltr'><strong>est</strong></span> <span class='ocrx_word' id='word_1_206' title='bbox 766 4023 844 4089; x_wconf 92' lang='lat' dir='ltr'><strong>illud</strong></span> <span class='ocrx_word' id='word_1_207' title='bbox 877 4024 1055 4098; x_wconf 88' lang='lat' dir='ltr'><strong>definitum,</strong></span> <span class='ocrx_word' id='word_1_208' title='bbox 1088 4043 1179 4105; x_wconf 86' lang='lat' dir='ltr'><strong>quam</strong></span> <span class='ocrx_word' id='word_1_209' title='bbox 1204 4017 1375 4104; x_wconf 87' lang='lat' dir='ltr'><strong>„purum”</strong></span> 
     </span>
     <span class='ocr_line' id='line_1_27' title="bbox 284 4154 1375 4246; baseline -0.012 -17"><span class='ocrx_word' id='word_1_210' title='bbox 284 4167 345 4230; x_wconf 92' lang='lat' dir='ltr'><strong>dici</strong></span> <span class='ocrx_word' id='word_1_211' title='bbox 361 4166 539 4239; x_wconf 90' lang='lat' dir='ltr'><strong>conveniat,</strong></span> <span class='ocrx_word' id='word_1_212' title='bbox 557 4173 623 4226; x_wconf 91' lang='lat' dir='ltr'><strong>tum</strong></span> <span class='ocrx_word' id='word_1_213' title='bbox 646 4163 770 4225; x_wconf 88' lang='lat' dir='ltr'><strong>omnino</strong></span> <span class='ocrx_word' id='word_1_214' title='bbox 791 4160 979 4246; x_wconf 77' lang='lat' dir='ltr'><strong>exspectabit</strong></span> <span class='ocrx_word' id='word_1_215' title='bbox 995 4208 1014 4237; x_wconf 90' lang='lat'>„</span> <span class='ocrx_word' id='word_1_216' title='bbox 1024 4158 1099 4221; x_wconf 91' lang='lat' dir='ltr'><strong>dum</strong></span> <span class='ocrx_word' id='word_1_217' title='bbox 1115 4157 1230 4221; x_wconf 88' lang='lat' dir='ltr'><strong>defluat</strong></span> <span class='ocrx_word' id='word_1_218' title='bbox 1246 4154 1375 4218; x_wconf 84' lang='lat' dir='ltr'><strong>amnis.”</strong></span> 
     </span>
    </p>
   </div>
   <div class='ocr_carea' id='block_1_6' title="bbox 283 4291 1376 4386">
    <p class='ocr_par' dir='ltr' id='par_1_7' title="bbox 283 4291 1376 4386">
     <span class='ocr_line' id='line_1_28' title="bbox 283 4291 1376 4386; baseline -0.01 -20"><span class='ocrx_word' id='word_1_219' title='bbox 283 4303 394 4386; x_wconf 89' lang='lat' dir='ltr'><strong>Itaque</strong></span> <span class='ocrx_word' id='word_1_220' title='bbox 430 4301 614 4386; x_wconf 82' lang='lat' dir='ltr'><strong>Dionysium</strong></span> <span class='ocrx_word' id='word_1_221' title='bbox 650 4298 970 4374; x_wconf 88' lang='lat' dir='ltr'><strong>Halicarnassensem,</strong></span> <span class='ocrx_word' id='word_1_222' title='bbox 1006 4297 1095 4359; x_wconf 89' lang='lat' dir='ltr'><strong>cuius</strong></span> <span class='ocrx_word' id='word_1_223' title='bbox 1129 4294 1160 4357; x_wconf 91' lang='lat' dir='ltr'><strong>in</strong></span> <span class='ocrx_word' id='word_1_224' title='bbox 1193 4291 1376 4355; x_wconf 88' lang='lat' dir='ltr'><strong>auctoritate</strong></span> 
     </span>
    </p>
   </div>
   <div class='ocr_carea' id='block_1_7' title="bbox 0 0 1512 5240">
    <p class='ocr_par' dir='ltr' id='par_1_8' title="bbox 0 0 1512 5240">
     <span class='ocr_line' id='line_1_29' title="bbox 0 0 1512 5240; baseline 0 0"><span class='ocrx_word' id='word_1_225' title='bbox 0 0 1512 5240; x_wconf 95' lang='lat' dir='ltr'><strong> </strong></span> 
     </span>
    </p>
   </div>
  </div>
 </body>
</html>
