3002 5240
821 451 863 512 32

300 642 350 716 'Dc
373 651 420 715 his
443 648 584 714 omnibus
607 656 751 734 pernegat
772 671 858 725 reus,
876 669 931 712 nec
947 648 986 712 ad
1008 671 1116 713 causae
1132 670 1281 713 summam
1296 649 1393 733 quid-

303 785 395 849 quem
426 763 592 846 pertinent,
624 761 683 825 nisi
712 767 841 824 mortem
872 760 931 825 sibi
961 760 999 826 ab
1030 761 1200 825 adversario
1222 762 1317 825 tuisse
1343 763 1393 826 in-

302 881 449 938 tentatam
473 872 598 937 dixisset
620 871 704 936 Simo
727 873 754 957 (b
778 874 819 936 28
843 874 976 947 ἠπείλουν
999 875 1079 953 αὐτῷ
1102 874 1160 949 ἐγὼ
1182 875 1371 958 ατοκτενεῑν)
1382 921 1392 951 ,

304 993 339 1049 ut
368 1007 407 1057 ne
434 984 564 1069 pecunia
593 982 631 1046 ab
662 983 728 1069 ipso
758 992 882 1068 erogata
908 982 1063 1048 reddenda
1085 992 1164 1048 esset
1186 984 1217 1071 (b
1240 987 1299 1047 25:
1325 989 1394 1056 πῶς

275 1126 281 1137 ·
301 1097 374 1168 εἰκὸς
392 1133 438 1144 -
460 1098 539 1173 ἡμᾶς
570 1099 693 1159 τοιαῦτα
721 1092 932 1173 ἐξαμαρτάνειν
953 1133 998 1145 -
1020 1096 1216 1175 ἀποστερῆσαι
1243 1095 1394 1174 βουλομέ-

300 1230 361 1277 νονο
383 1206 439 1278 τοὶς
461 1206 626 1293 τριακοσίας
645 1205 806 1289 δραχμάς).
846 1204 939 1268 Mitto
955 1226 1037 1269 nune
1053 1183 1212 1289 qbaerere,
1229 1204 1391 1289 quomodo

300 1317 522 1381 accusationem
537 1315 699 1380 detorserit
716 1316 799 1399 (nam
815 1316 980 1381 admodum
996 1317 1099 1380 fatuus
1116 1323 1273 1381 accusator
1288 1316 1391 1394 toret,

300 1429 355 1512 qui
376 1428 450 1492 talia
472 1427 666 1513 obiectaret)‚
695 1426 748 1491 sed
771 1428 903 1513 primum
926 1434 1047 1491 constat
1069 1427 1274 1492 defensionem
1299 1430 1318 1512 b
1344 1431 1389 1490 25
1494 1484 1496 1519 5

300 1539 359 1603 hoc
388 1537 586 1603 fundamento
616 1539 689 1617 niti,
721 1546 787 1602 tum
819 1562 856 1602 ex
886 1539 1084 1623 ambiguitate
1108 1538 1230 1625 quade
1253 1561 1305 1617 eo,
1334 1540 1390 1623 qui

301 1651 462 1737 pecuniam
485 1651 648 1735 acceperit,
673 1673 708 1714 eo
731 1650 798 1714 loco
822 1651 914 1728 dicit,
939 1650 1136 1736 probabiliter
1159 1650 1275 1714 efficere
1294 1651 1390 1716 nobis

302 1761 457 1839 videmur,
492 1761 592 1845 ipsum
625 1783 711 1825 reum
735 1761 894 1845 pecuniam
924 1763 1090 1847 accepisse,
1121 1762 1248 1846 proinde
1271 1762 1390 1827 iniuria

302 1872 523 1936 adolescentem
546 1871 752 1936 Plataeensem
776 1871 855 1949 dici,
883 1871 977 1936 fuisse
1001 1895 1131 1936 servum.
1178 1871 1286 1936 Posset
1309 1894 1389 1936 saue

302 1982 428 2068 pluralis
457 1982 478 2047 l.
509 1983 530 2046 l.
563 1983 601 2047 de
631 1982 790 2047 Theodoto
822 1995 853 2046 et
883 2005 935 2046 reo
966 1983 1105 2068 intellegi
1128 1984 1179 2067 (cf.
1196 1986 1284 2068 Υ246
1295 2031 1305 2060 ,
1332 1983 1391 2047 ubi

302 2090 373 2159 οὗτοι
404 2095 428 2159 οἱ
458 2094 513 2177 βία
544 2095 576 2159 ἐκ
604 2103 657 2170 τῆς
687 2095 748 2159 ὁδοῦ
773 2119 800 2159 κ.
823 2119 853 2159 τ.
875 2095 899 2160 ἑ.
922 2095 1075 2178 pertinent
1098 2094 1137 2158 ad
1159 2094 1389 2177 Theodotum),

301 2204 353 2268 sed
377 2213 517 2290 apparet,
541 2227 637 2289 quum
659 2227 728 2283 reo,
752 2228 814 2269 non
837 2204 996 2270 Theodoto
1019 2206 1077 2271 boc
1098 2206 1211 2270 crimen
1227 2228 1245 2268 a
1259 2204 1390 2268 Simone

299 2316 452 2380 obiectum
476 2317 532 2393 sit,
556 2315 711 2380 Simonem
734 2315 927 2380 contendisse
951 2317 989 2381 ab
1012 2339 1048 2380 eo
1071 2325 1234 2402 acceptam.

343 2428 420 2512 tt:
446 2423 540 2498 Οὗτος
570 2425 598 2489 δὲ
621 2425 775 2504 βέλτιστος
877 2423 953 2499 ὅστις
977 2428 1165 2507 κοσμιώτατα
1186 2427 1242 2498 τας
1264 2432 1387 2507 συμφο-

225 2520 228 2523 ’
299 2537 350 2618 ροὶς
373 2538 467 2619 φέρειν
490 2536 619 2604 δύναται.
666 2535 771 2618 Quum
804 2537 886 2602 dieat
914 2538 1098 2623 cupiditates
1121 2538 1263 2602 omnibus
1286 2538 1387 2602 homi·

300 2648 392 2712 nibus
420 2670 595 2712 communes
619 2671 700 2728 esse,
725 2650 813 2714 illum
836 2657 939 2714 autem
961 2651 1128 2735 optimum,
1153 2651 1206 2736 qui
1228 2652 1284 2722 τοὶς
1308 2676 1387 2727 rupa·
1416 2660 1419 2663 '

301 2760 392 2840 φορας
413 2759 635 2823 modestissime
658 2760 752 2838 ferat,
777 2769 902 2847 apparet
925 2783 960 2825 eo
975 2761 1123 2826 vocabulo
1138 2783 1200 2825 nou
1217 2760 1385 2845 significari

300 2869 485 2934 calamitates
516 2871 702 2935 extrinsecus
724 2871 826 2936 illatas
850 2872 903 2936 scd
927 2872 1099 2956 voluptates
1122 2873 1222 2936 animo
1246 2871 1384 2935 humano

298 2981 490 3051 inhaerentes
512 2991 543 3046 et
565 2983 756 3047 incommoda
779 3006 857 3070 quae
881 2983 1149 3048 hinc'nascantur.
1196 2982 1299 3046 Habet
1323 2982 1383 3045 hoc

299 3094 400 3158 neseio
431 3115 521 3178 quem
551 3095 682 3159 colorem
712 3095 938 3181 philosophum.
984 3095 1131 3160 Similiter
1164 3094 1247 3179 apud
1278 3093 1382 3157 Xeno·

299 3203 444 3288 phontem
473 3192 545 3269 oP.
560 3241 562 3245 <
578 3204 634 3270 VI.
669 3209 697 3270 l.
729 3208 769 3271 37
807 3208 938 3292 Araspas
968 3206 1111 3271 illicitum
1142 3227 1294 3281 amorem,
1328 3202 1379 3266 eui

299 3313 469 3379 indidserat
492 3315 664 3400 significans
687 3318 724 3388 ὡς
748 3315 825 3396 γαρ,
848 3317 969 3400 inquit,
992 3319 1005 3381 ὁ
1029 3319 1104 3397 θροῦς
1124 3301 1218 3390 διῆλθε
1236 3323 1289 3388 τῆς
1306 3316 1380 3391 ἐμῆς

298 3430 463 3506 συμφορᾶς.
509 3425 627 3490 Andoc.
660 3428 689 3490 2.
724 3428 759 3491 7:
790 3426 908 3503 τοιαύτη
935 3429 1074 3510 ονροφορα
1109 3432 1164 3491 τῶν
1192 3431 1300 3508 φρενῶν
1333 3431 1381 3488 est

299 3537 409 3601 mentis
432 3538 600 3601 occaecatio
620 3539 683 3602 sive
703 3559 794 3601 error.
829 3537 914 3601 Intra
936 3541 996 3601 39:
1020 3538 1226 3617 αἰσχυνόμενος
1246 3536 1293 3611 δέ,
1311 3534 1379 3613 ὅπερ

300 3648 350 3724 ἤδη
374 3649 422 3713 καὶ
445 3651 577 3730 πρότερον
598 3646 695 3725 εἶτον,
718 3660 755 3732 τῇ
779 3657 927 3733 συμφορᾷ.

343 3760 413 3845 dl.
461 3763 506 3826 Οὐ
528 3761 658 3841 πρότερον
681 3760 813 3836 ἠθέλησεν
837 3761 992 3835 ἀπελθεῖν,
1016 3759 1079 3839 πρὶν
1104 3760 1206 3831 αὐτόν,
1227 3757 1377 3835 ἡγούμενον

299 3871 376 3936 δεινοὶ
406 3880 494 3937 τονεῑν
524 3874 548 3937 οἱ
579 3872 806 3951 παραγενόμενον
838 3871 886 3936 καὶ
910 3873 934 3937 ον’
958 3870 1026 3949 μετ’
1049 3873 1138 3935 αὐτοῦ
1161 3869 1308 3944 ἐλθόντες,
1331 3866 1378 3931 ἐντὶ

299 3981 409 4056 παῖδας
440 3984 525 4064 κόρας
555 3985 603 4048 καὶ
634 3984 763 4065 ὀρφανὰς
795 3982 934 4059 eludare,
962 3982 1110 4060 ἐξήλασαν
1136 3983 1199 4064 βία.
1244 3978 1379 4045 Theodo-

300 4101 365 4157 tum
396 4094 542 4173 amasium
574 4107 637 4158 tam
660 4117 678 4157 a
700 4093 821 4157 Simone
852 4115 943 4177 quam
973 4116 1008 4158 eo
1019 4143 1029 4172 ‚
1061 4094 1114 4177 qui
1145 4116 1267 4158 causam
1289 4090 1376 4163 dicit,

298 4204 467 4289 expetitum
495 4226 641 4290 quaerens
669 4204 751 4268 Simo
782 4205 814 4268 in
844 4204 968 4268 domum
998 4204 1125 4268 oratoris
1147 4204 1298 4288 irruperat
1305 4229 1314 4279 3
1339 4198 1378 4263 ef·
1450 4268 1457 4281 p

298 4315 402 4380 fractis
435 4316 552 4380 foribus
585 4315 677 4379 etiam
711 4316 743 4379 in
777 4315 940 4379 mulierum
974 4315 1115 4379 conclave
1150 4319 1374 4403 penetraverat,

299 4428 381 4493 unde
412 4437 514 4494 umen
546 4427 575 4491 vi
605 4426 718 4491 eiectus
749 4437 795 4491 est
802 4453 811 4505 3
843 4426 895 4490 sed
922 4426 1077 4520 quaeritur
1105 4448 1123 4488 a
1153 4425 1274 4509 quibus.
1320 4420 1375 4486 Mi·
