2958 5238
788 407 827 470 72

266 606 359 687 Quod
390 612 552 691 antequam
587 606 656 690 quis
679 607 790 671 falsum
813 630 877 671 esse
901 607 1103 688 demonstret,
1128 609 1276 694 equidem
1300 606 1359 691 Ly-

266 720 344 796 siae,
369 717 399 781 id
424 728 468 781 est
491 706 572 781 bono
585 717 697 781 oratori
709 717 788 781 hanc
804 719 971 784 orationem
986 720 1155 786 adscribere
1165 742 1228 784 non
1242 717 1358 782 audeo.

608 972 638 1016 x.
669 979 745 1018 uara
767 981 960 1031 ssonnnaror
979 974 1013 1019 n'.

311 1160 417 1225 Oratio
440 1161 523 1245 prior
546 1161 578 1224 in
600 1160 838 1225 Theomnestum
860 1163 899 1227 ad
914 1164 1044 1248 optimas
1059 1163 1169 1249 Lysiae
1184 1163 1361 1229 referenda.
1414 1167 1416 1173 ’

266 1272 486 1336 Theomnestus
518 1272 601 1356 quod
628 1281 749 1337 scutum
772 1275 805 1338 in
828 1274 944 1359 proelio
968 1275 1128 1340 abiecisset
1151 1283 1321 1340 accusatus
1345 1297 1363 1336 a

265 1382 412 1467 Lysitheo
444 1406 480 1447 ex
510 1383 563 1446 illo
594 1383 708 1448 iudicio
731 1385 850 1470 integer
873 1394 1017 1451 evaserat.
1065 1386 1136 1466 Quo
1160 1395 1277 1452 eventu
1302 1387 1361 1448 iste

268 1494 366 1558 elatus
396 1495 597 1579 Dionysium,
629 1519 720 1582 quem
749 1496 915 1581 Lysitheus
945 1505 1055 1562 testem
1085 1498 1290 1575 adhibuerat,
1317 1517 1363 1559 ca·

268 1606 401 1671 lumniae
417 1614 610 1671 accusaverat
625 1609 652 1693 (d
672 1611 729 1686 12,
747 1612 806 1687 24,
824 1631 888 1692 sq.,
906 1611 970 1693 30),
989 1631 1065 1693 quae
1081 1631 1128 1672 res
1139 1609 1197 1687 illi,
1209 1610 1361 1672 damnato

268 1717 416 1801 Dionysio
432 1718 523 1782 nimis
539 1729 668 1783 cesserat
680 1719 808 1784 feliciter
820 1722 847 1805 (p
859 1723 918 1797 21,
934 1722 998 1805 22).
1023 1720 1198 1805 Ignominia
1210 1717 1362 1784 commili-

268 1829 350 1892 tonis
366 1850 509 1892 accensus
526 1851 608 1893 nunc
626 1830 724 1914 surgit
739 1831 772 1894 in
788 1830 1026 1896 Theomnestum
1042 1838 1200 1895 accusator
1212 1831 1363 1916 quidam,

269 1941 356 2005 cuius
376 1963 487 2005 nomen
508 1942 678 2021 nescimus,
696 1942 883 2026 eandemque
894 1943 947 2006 isti
959 1945 1108 2010 actionem
1129 1943 1304 2007 calumniae
1321 1941 1364 2004 in·

269 2054 386 2132 tendit,
405 2054 488 2138 quod
502 2054 699 2139 parricidium
715 2056 776 2142 ipsi
793 2054 961 2119 obiecisset.
987 2054 1080 2134 Quod
1097 2056 1296 2141 opprobrium
1311 2052 1365 2117 ille

270 2165 326 2229 hac
343 2166 375 2229 in
391 2164 629 2229 Theomnestum
644 2165 788 2230 instituta
803 2168 994 2232 accusatione
1011 2167 1165 2232 evidenter
1180 2174 1211 2231 et
1226 2166 1365 2251 graviter

270 2276 389 2340 refellit.
415 2275 640 2361 Indignationis
664 2283 696 2339 11
716 2277 793 2340 iusti
818 2276 908 2362 plena
931 2277 1044 2341 doloris
1068 2285 1114 2343 est
1138 2279 1253 2356 oratio,
1274 2274 1363 2362 quod

271 2389 325 2474 qui
355 2395 480 2473 propter
509 2399 614 2449 verum
645 2386 757 2450 crimen
785 2387 924 2472 ignaviae
947 2389 1007 2473 ipsi
1030 2387 1182 2453 obiectum
1205 2388 1304 2452 alium
1328 2386 1361 2449 iu

271 2499 474 2563 calamitatem
497 2498 689 2583 proiecisset,
715 2499 773 2563 sibi
797 2499 888 2563 licere
910 2502 1000 2585 putet
1021 2500 1148 2587 impune
1170 2501 1269 2565 11111111
1293 2521 1362 2585 gra·

271 2611 338 2673 vius
350 2609 504 2694 parricidii
517 2609 714 2695 opprobrium
726 2610 758 2674 in
771 2610 976 2676 adversarium
988 2612 1144 2676 coniicere.
1171 2611 1359 2690 ·„Hancine,

271 2721 374 2805 inquit
405 2721 431 2806 (b
465 2723 533 2805 14),
565 2728 602 2784 tu
630 2721 758 2804 gratiam
787 2722 881 2786 refers
904 2722 1037 2800 civitati,
1062 2745 1140 2807 quae
1163 2730 1194 2787 te
1217 2747 1233 2786 e
1257 2723 1360 2807 priore

273 2832 408 2911 „iudicio
440 2833 557 2897 salvum
581 2840 611 2898 et
634 2834 789 2920 integrum
811 2834 944 2914 dimisit,
979 2842 1015 2899 ut
1037 2834 1095 2901 tibi
1118 2835 1186 2900 aliis
1209 2835 1361 2899 insultan-

271 2944 367 3024 „dum
399 2952 488 3030 putes
497 2944 530 3007 ?''
578 2945 694 3010 Acerba
727 2953 801 3010 sunt
833 2946 887 3010 illa
921 2949 948 3032 (t
979 2948 1050 3032 23):
1075 2968 1152 3026 „cur
1176 2970 1232 3032 ego
1255 2946 1360 3011 minus

273 3057 446 3142 „gratiosus
476 3057 534 3122 sim
564 3057 667 3136 vobis,
699 3057 838 3122 iudices?
868 3080 944 3122 num
967 3056 1050 3142 quod
1073 3079 1135 3121 nou
1158 3079 1215 3143 ego
1238 3058 1287 3142 (ut
1311 3055 1361 3120 ad·

271 3170 455 3254 „versariusl
479 3169 569 3233 armis
592 3170 656 3255 ipse
684 3168 808 3234 abiectis
832 3191 941 3233 accuso
963 3169 1057 3233 fortes
1080 3169 1160 3233 viros
1184 3170 1238 3253 qui
1260 3191 1358 3236 serva·

273 3274 450 3364 „veruut?’',
494 3281 625 3346 Gravem
647 3282 720 3346 haec
745 3282 902 3346 continent
921 3280 1060 3345 iudicum
1074 3280 1357 3366 reprehensionem

273 3418 329 3460 nec
352 3402 497 3478 tanquam
521 3393 650 3479 supplex
673 3402 775 3478 petere
798 3394 835 3458 ab
859 3393 923 3457 illis
947 3393 1108 3477 dignatur,
1133 3391 1185 3456 sed
1208 3393 1358 3478 imperare

275 3505 395 3569 videtur
423 3503 586 3569 iudicibus.
625 3504 718 3584 „Bis,
749 3506 864 3588 inquit,
889 3504 1097 3568 testimonium
1121 3503 1186 3569 dixi
1206 3504 1239 3567 in
1262 3503 1357 3567 Theo

273 3624 465 3695 „mnestum;
489 3613 627 3681 nondum
649 3615 728 3679 enim
753 3639 895 3680 noveram
919 3639 1031 3701 poenas
1043 3638 1096 3679 vos
1113 3616 1250 3700 infligere
1261 3616 1292 3680 in
1306 3635 1356 3679 eos

275 3729 351 3814 „qui
381 3727 456 3791 alios
487 3749 570 3790 arma
592 3726 785 3810 proiicientes
810 3727 973 3805 vidissent,
998 3728 1153 3811 ignoscere
1178 3735 1279 3791 autem
1302 3726 1356 3800 iis,

275 3840 352 3923 „qui
382 3840 440 3923 ipsi
471 3838 668 3923 proiecissent
696 3841 723 3924 (b
746 3838 831 3923 30).’'
876 3838 1048 3903 Prudenter
1071 3840 1160 3902 etiam
1184 3860 1273 3903 omne
1297 3857 1359 3923 per·

275 3952 393 4036 fugium
417 3949 501 4036 quod
525 3972 559 4013 11
584 3950 668 4014 verbi
691 3949 858 4033 ἀνδροφόνος
882 3949 1132 4035 interpretatione
1147 3956 1247 4013 tentat
1265 3948 1358 4012 Theo·

275 4070 428 4140 mnestuS,
460 4062 609 4147 praecidit
616 4088 626 4139 3
658 4084 729 4125 nam
759 4084 853 4145 quum
884 4062 932 4125 lex
963 4061 1051 4124 illum
1082 4061 1252 4125 calumniae
1274 4080 1356 4125 reum

275 4176 491 4259 pronunciaret
527 4175 581 4257 qui
621 4173 749 4238 alterum
784 4173 950 4255 ἀνδροφόνον
985 4172 1184 4258 appellasset,
1216 4172 1356 4237 obiiceret

277 4294 377 4350 autem
409 4286 597 4350 adversarius
626 4307 689 4349 non
720 4308 754 4349 eo
781 4283 872 4348 verbo
897 4307 928 4347 se
951 4307 1040 4348 usum
1064 4307 1145 4362 sese,
1171 4284 1223 4348 sed
1247 4284 1354 4347 dixisse

260 4395 462 4467 ’ἀπεκτονέναι
485 4398 535 4464 τὸν
557 4398 671 4478 ποτέον
693 4404 916 4476 accusatorem,
940 4396 992 4472 ille
1015 4397 1114 4482 prisca
1135 4397 1226 4461 verba
1249 4419 1284 4460 cx
1307 4415 1354 4459 an·
