3002 5240
653 440 694 503 37

124 644 167 700 est
199 637 236 701 in'
267 638 384 702 verbis:
416 639 446 704 τί
468 638 493 702 δ’
516 637 553 702 ἄν
572 638 638 702 ποτ’
661 639 782 716 ἔπαθον,
806 641 830 704 εἱ
852 642 996 706 τάναντία
1018 648 1073 707 τῶν
1096 648 1143 706 νῦν
1165 666 1215 718 γε·

124 751 292 827 γενημένων
314 747 364 832 ἦν,
388 752 412 814 εἰ
437 751 561 821 πολλοὺς
585 751 661 830 ἔχων
684 757 739 814 τῶν
762 751 926 826 ἐπιτηδείων
945 753 1021 834 ἐγώ,
1037 755 1212 828 ἀπαντήσας

124 860 247 940 Σίμωνι,
273 862 433 942 ἐμαχόμην
456 864 536 942 αὐτῷ
559 862 609 926 καὶ
633 861 755 926 ἔτυπτον
778 863 874 927 αὐτόν.
921 862 1007 927 Tolle
1031 865 1090 928 ista
1113 862 1145 939 ἦν
1168 867 1209 943 εἰ,

123 980 151 1033 et
184 995 243 1056 pro
278 972 402 1038 insolita
433 982 463 1038 et
495 974 573 1038 dura
604 974 831 1039 constructione
861 975 995 1040 Atticam
1028 976 1152 1041 habebis
1180 984 1211 1040 et

122 1081 309 1167 elegantem.

392 1324 434 1368 lv.
469 1333 530 1370 narr
549 1333 717 1371 rrsrmsroa
737 1332 772 1371 arr
788 1331 935 1370 nrorrorsa.

161 1535 273 1602 Oratio
298 1538 336 1602 de
359 1537 494 1604 Vulnere
517 1538 742 1604 Praemeditato
765 1537 835 1622 (lv)
855 1546 919 1601 tam
938 1538 1046 1601 misere
1062 1543 1207 1626 temporis

120 1649 231 1713 iniuria
264 1658 313 1715 est
343 1651 466 1729 affecta,
499 1659 530 1716 et
561 1653 593 1716 in
621 1659 684 1715 tam
711 1651 930 1715 levi‘versatur
953 1659 1147 1734 argumento,
1172 1660 1208 1715 ut

122 1782 241 1844 operam
273 1763 337 1827 fere
368 1763 492 1849 perdere
524 1763 695 1841 videretur,
720 1763 773 1848 qui
796 1761 929 1826 multum
951 1762 983 1824 iu
1007 1784 1043 1825 ea
1064 1764 1207 1848 temporis

120 1872 307 1951 insumeret,
330 1875 399 1938 ‘nisi
430 1898 466 1939 ex
497 1898 532 1939 ea
563 1883 709 1960 tanquam
740 1874 922 1938 documento
950 1881 1120 1957 appareret,
1145 1897 1207 1959 quc

121 1984 206 2048 modo
238 1985 353 2071 Lysiae
381 1986 531 2049 orationes
561 1985 599 2049 ad
629 1991 734 2048 nostra
765 1991 901 2067 tempora
928 1989 1111 2067 propagatae
1134 1986 1205 2049 sint.

120 2094 246 2162 lacerae
279 2105 353 2161 sunt
376 2097 495 2180 aliquot
517 2104 635 2181 partes,
660 2118 737 2179 quae
760 2101 822 2157 tam
846 2092 959 2157 habent
981 2092 1136 2158 difficilem
1158 2118 1207 2158 ea-

121 2207 332 2290 plicationem,
353 2215 389 2271 ut
405 2207 534 2272 subinde
551 2207 706 2271 columnas
722 2205 913 2269 voluminum
930 2204 1204 2270 Herculaneusium

108 2317 173 2381 ¹tibi
205 2320 393 2404 perlustrare
423 2318 563 2382 videaris.
610 2316 712 2397 Quare
743 2316 886 2402 equidem
913 2322 989 2400 puto
1012 2316 1103 2380 ineo
1127 2316 1205 2379 libro

127 2451 154 2491 ex
182 2452 245 2514 quo
270 2431 430 2496 Palatinus
454 2454 507 2516 per
530 2431 699 2494 multorum
722 2429 849 2495 fortasse
872 2427 1020 2492 librorum
1040 2411 1205 2492 successio-

126 2559 185 2603 nem
207 2523 359 2620 fluxerit,
375 2551 492 2626 partem
515 2542 607 2605 huius
630 2541 776 2604 orationis
799 2539 958 2603 evanidam
981 2539 1091 2617 fuisse,
1116 2539 1204 2603 libra-

124 2649 196 2713 rium
226 2659 331 2716 autem
362 2652 426 2716 sine
457 2661 529 2716 nota
557 2652 694 2715 omisisse
718 2673 795 2736 quae
819 2650 959 2714 deessent
981 2658 1036 2713 aut
1058 2650 1119 2735 legi
1141 2675 1203 2716 nou

124 2770 257 2842 possent,
293 2763 387 2826 alium
418 2785 453 2826 ea
480 2785 557 2847 quae
580 2763 623 2826 sie
646 2762 773 2827 obscura
796 2762 875 2825 facta
899 2768 998 2825 essent
1022 2784 1058 2825 ex
1080 2763 1203 2846 ingenio

125 2873 315 2957 supplevisse.
362 2872 443 2938 Nam
472 2874 583 2960 Lysiae
610 2875 685 2938 haec
708 2872 910 2938 abiudieauda
933 2895 997 2936 esse
1020 2896 1082 2938 uon
1106 2875 1203 2939 ausim

123 2991 265 3064 statuere3
291 2987 324 3051 in
349 3008 408 3070 quo
433 3008 502 3050 cum
520 2985 683 3071 Taylorum
701 3008 790 3051 nemo
807 3007 932 3049 assensu
947 2984 1200 3069 comprobaverit,

123 3114 178 3158 non
200 3120 279 3182 opus
302 3105 348 3162 est
370 3106 406 3161 ut
428 3098 527 3161 multa
549 3097 666 3176 dicam,
691 3121 760 3162 cum
783 3097 959 3182 praesertim
974 3095 1122 3180 Taylorus
1138 3121 1200 3163 nou

124 3203 176 3267 alio
199 3217 379 3294 argumento
403 3210 443 3273 sit
464 3233 556 3288 usus,
580 3232 672 3295 quam
696 3208 778 3293 quod
801 3215 880 3273 esset
903 3207 1200 3285 „declamatiuncula

125 3312 280 3384 inumbra
302 3319 422 3384 scholae
445 3319 749 3399 psaeaamptvv,·ad
773 3319 936 3404 imaginem
958 3319 1121 3402 superioris
1135 3342 1201 3383 ora-

125 3424 209 3492 tionis
231 3432 402 3510 elaborata,
427 3433 478 3497 cui
497 3433 606 3497 deinde
623 3432 661 3496 ob
678 3433 850 3518 argumenti
866 3431 1045 3495 affinitatem
1060 3431 1091 3494 in
1108 3432 1201 3518 scrip-

126 3535 161 3599 tis
183 3541 268 3607 codd.
293 3550 440 3628 perpetuo
464 3543 680 3608 adhaesisset?
715 3528 855 3607 ¹Colorem
878 3541 1023 3606 orationis
1038 3539 1199 3625 Lysiacum

129 3645 215 3714 visiun
244 3677 309 3718 esse
339 3654 463 3738 reliquis
494 3654 728 3739 interpretibus,
753 3654 897 3738 quoniam
919 3675 1009 3717 nemo
1031 3659 1138 3737 postea
1161 3654 1199 3719 de

128 3765 239 3827 auctore
261 3764 428 3843 dubitavit,
454 3765 615 3829 verisimile
638 3772 699 3842 est;
723 3786 793 3828 nam
810 3763 847 3828 de
863 3769 1109 3848 argumentorum
1124 3770 1200 3830 trac-

129 3869 230 3938 tatione
253 3885 284 3942 et
306 3877 440 3941 efficacia
462 3877 494 3940 in
519 3877 575 3941 hac
598 3877 813 3962 depravatione
835 3897 898 3938 non
915 3875 989 3938 satis
1003 3880 1105 3960 potest
1119 3876 1199 3942 iudi-

128 3980 195 4058 cari3
225 3993 255 4051 et
286 3988 454 4052 cavendum
485 3995 547 4066 est,
579 4011 636 4065 ue,
661 3989 687 4052 si
709 3988 786 4052 forte
809 3985 971 4070 subiuepta
993 3985 1142 4070 quaedam
1165 4012 1197 4052 se

130 4089 222 4161 offerre
243 4100 421 4179 videantur,
446 4108 557 4165 temere
581 4101 726 4165 continuo
749 4098 872 4184 Lysiam
895 4105 1048 4163 auctorem
1068 4121 1131 4162 esse
1147 4122 1197 4164 ne·

131 4218 232 4280 gemus.
264 4211 322 4275 Ea
345 4219 390 4276 est
413 4212 495 4275 enim
518 4211 686 4296 proprietas
709 4209 773 4274 stili
796 4208 933 4294 Lysiaci,
966 4214 1001 4272 ut
1023 4209 1197 4294 simplicita—
1255 4274 1257 4279 .

132 4314 182 4376 lem
209 4319 239 4384 in
265 4323 451 4408 argumentis
475 4322 594 4386 affectet
617 4344 713 4406 eoque
734 4321 865 4385 subinde
889 4320 1013 4406 puerilis
1036 4322 1133 4405 possit
1154 4324 1195 4386 vi·

134 4417 201 4506 reu,
230 4434 281 4498 sed
310 4434 364 4498 illa
394 4433 572 4523 simplicitas
603 4456 641 4499 an
670 4432 846 4512 „tenuitas”
869 4431 1015 4498 insidiose
1038 4455 1194 4503 assensum
