2958 5238
619 440 681 502 159

108 642 213 698 contra
242 636 275 698 in
308 635 406 699 verbis
439 635 550 710 ταύτην
581 638 634 701 τὴν
664 660 733 702 κατ.
766 638 864 711 ἱκανὴν
888 633 958 701 εἶναι
983 636 1136 719 cogitatur
1162 635 1201 699 de

107 745 172 807 aliis
205 746 469 824 accusationibus,
504 768 582 831 quae
614 770 681 811 cum
714 754 774 811 ιὀνι
806 751 887 812 dicta
910 746 1093 811 sufficerent.
1140 743 1202 807 illa

106 855 238 920 lectione
270 855 359 942 plura
389 879 451 920 non
483 858 688 942 exspectanda
720 881 803 934 esse,
836 879 914 942 quae
942 860 1064 941 plenam
1087 855 1202 918 faciant

105 966 347 1043 accusationem,
373 966 430 1030 hac
451 989 514 1030 non
534 971 598 1032 αθνό
617 975 646 1035 et
664 991 739 1034 aava
758 969 888 1032 crimina
911 965 1112 1051 significatur.
1146 963 1202 1026 Ve-

103 1084 275 1139 rumtamen
295 1098 392 1160 quum
405 1078 517 1152 ταύτην
536 1079 589 1153 τὴν
603 1080 782 1159 κατηγορίαν
800 1079 892 1142 etiam
906 1076 1075 1161 significare
1088 1075 1201 1159 possit:

103 1185 177 1248 baec
202 1188 375 1264 accusatio,
400 1192 500 1270 quadra
524 1196 578 1252 aut
600 1210 657 1271 quo
679 1193 763 1255 moda
787 1212 806 1252 a
828 1210 877 1252 me
894 1187 1066 1272 profertur,
1092 1185 1204 1248 articu-

103 1293 151 1356 lus
175 1294 250 1358 ferri
273 1303 385 1381 potest.
424 1297 570 1363 Ceterum
594 1321 673 1363 nova
697 1299 825 1363 crimina
847 1319 910 1362 non
935 1297 996 1360 fere
1021 1295 1203 1359 afferuntur.

144 1405 162 1487 d
186 1406 217 1467 8.
260 1403 385 1478 ’Άνυτος
417 1406 442 1470 θ’
465 1407 568 1485 ἔλεγεν
600 1411 636 1479 cir
664 1414 716 1473 τοῦ
748 1407 880 1489 προτέρου
911 1411 1075 1487 χειμῶνος,
1091 1432 1093 1438 ·
1107 1406 1203 1479 ἐπειδὴ

102 1513 197 1587 τθμιος
226 1510 259 1588 ἦν
287 1514 301 1578 ὅ
329 1522 427 1592 σῖτος,
452 1518 562 1583 τούτων
586 1519 653 1602 (τῶν
677 1520 854 1602 σιτοπωλῶν)
878 1517 1126 1596 ὑπερβαλλόντων
1149 1517 1205 1578 οὶλ-

102 1623 210 1696 λήλους
233 1624 283 1688 καὶ
307 1626 376 1706 πρὸς
399 1629 483 1708 σφοῦς
507 1629 613 1700 αὐτοὺς
636 1628 817 1708 μαχομένων
840 1626 1087 1704 συμβουλεύσειεν
1102 1627 1202 1694 αὐτοῖς

102 1734 274 1797 παύσασθαι
302 1740 524 1814 φιλονεικοῦσιν.
573 1737 670 1801 Pauci
702 1738 817 1819 ἔμποροι
848 1735 1041 1801 advehebant
1073 1734 1205 1798 frumen·

101 1848 186 1920 tum;
224 1843 329 1929 itaque
365 1845 517 1931 sitopolae
558 1848 697 1911 certatim
734 1847 771 1911 ab
794 1847 843 1910 bis
867 1845 1030 1922 emebant,
1055 1850 1205 1927 quantum

102 1952 169 2036 lege
195 1955 437 2034 concedebatur3
463 1980 499 2021 ea
523 1957 751 2022 concertatione
766 1956 900 2041 pretium
918 1954 1100 2038 augebatur.
1124 1951 1203 2015 Tum

105 2062 203 2146 igitur
225 2066 349 2149 Anytus
373 2069 467 2150 (unus
491 2073 548 2132 τῦν
571 2068 788 2150 σιτοφυλοθκιον)
812 2072 950 2130 suaserat
973 2066 1011 2128 iis
1036 2071 1072 2128 ut
1095 2086 1112 2126 a
1135 2084 1204 2126 con-

106 2173 274 2238 certatione
307 2175 489 2241 desisterent
518 2179 688 2243 παύσασθαι
719 2182 933 2258 φιλονεικοῦσιν.
977 2173 1140 2254 Quomodo
1165 2174 1204 2235 ef·

104 2261 229 2363 fecerit,
261 2294 297 2349 nt
327 2286 412 2350 illam
443 2288 647 2352 licitationem
677 2290 871 2366 omitterent,
897 2309 959 2351 non
983 2285 1109 2350 additur
1116 2310 1125 2361 3
1151 2282 1204 2347 sed

105 2391 170 2456 fieri
204 2402 324 2479 potest,
357 2404 393 2458 ut
424 2398 575 2483 sitopolae
607 2399 752 2462 societate
786 2399 863 2462 inita
894 2396 1051 2460 communi
1072 2394 1204 2481 consilio

6 2488 8 2545 i
106 2504 242 2585 pretium
273 2506 492 2571 constituerint
524 2514 555 2571 et
585 2509 723 2572 emerint.
771 2507 849 2571 Inde
877 2515 979 2570 tamen
1003 2526 1066 2569 non
1089 2505 1204 2570 lactum

106 2635 170 2676 esse
203 2614 334 2692 videtur,
367 2623 403 2680 ut
434 2617 514 2681 cives
538 2621 613 2682 satis
637 2618 878 2694 sublevarentur,
904 2638 999 2699 quum
1026 2614 1202 2699 partemin

106 2721 225 2787 horreis
248 2724 437 2810 deponerent
461 2727 611 2813 sitopolae
635 2729 828 2812 (κατέθεντο),
853 2750 915 2791 non
935 2726 1102 2791 venderent
1113 2723 1205 2807 plura

107 2854 202 2916 quam
225 2854 297 2897 cnm
320 2834 407 2898 lucro
431 2836 529 2900 facere
552 2851 688 2922 possent.
735 2837 821 2900 Haec
845 2837 871 2900 si
894 2844 977 2899 recte
999 2857 1038 2898 ex
1059 2833 1156 2897 verbis
1168 2836 1204 2927 οῦς

107 2943 199 3007 τοίνυν
230 2945 262 3008 οῦ
289 2944 523 3025 συμπριαμένους
547 2946 724 3013 καταθέσθαι
749 2948 878 3011 ἐκέλευεν
902 2945 1009 3015 αὐτούς
1035 2941 1137 3017 effeci,
1162 2943 1206 3004 in·

108 3052 269 3136 tellegitur
300 3054 448 3139 sitopolas
479 3055 593 3138 legem,
627 3078 688 3139 qua
715 3055 901 3119 iubebantur
923 3054 1018 3133 θβολῷ
1041 3052 1125 3130 μθνον
1148 3075 1206 3115 ποο-

107 3169 169 3226 λεῖν
193 3162 360 3242 τιμιώτερον
385 3164 513 3229 elusisse
537 3167 588 3249 (cl.
611 3167 628 3249 d
652 3168 715 3250 12).
755 3164 919 3244 Quomodo
939 3169 1043 3226 autem
1060 3161 1098 3224 ad
1110 3162 1207 3244 Anyti

108 3274 336 3357 praescriptum
371 3297 535 3359 provocare
571 3277 728 3361 potuerint
761 3296 844 3338 nunc
879 3273 967 3337 facile
998 3271 1205 3353 intellegitur,

110 3390 251 3446 suaserat
287 3383 342 3446 ille
375 3386 595 3465 συμπρίασθαι,
633 3392 670 3448 ut
704 3385 735 3448 in
763 3406 922 3448 commune
947 3388 1099 3458 emerent,
1124 3403 1207 3445 nunc

108 3490 156 3553 illi
186 3492 279 3556 licere
311 3493 371 3557 sibi
404 3494 513 3559 dicunt
542 3496 610 3559 eius
645 3495 827 3559 auctoritate
859 3515 994 3557 coemere
1019 3506 1050 3555 et
1072 3492 1207 3575 pretium

111 3603 258 3683 emtionis
282 3605 486 3684 constituere,
511 3605 622 3670 callide
644 3605 786 3670 vocabuli
811 3603 1043 3687 ambiguitatem
1066 3602 1207 3664 insnum

111 3711 308 3776 commodum
331 3722 496 3781 vertentes.

153 3823 170 3905 d
196 3824 246 3886 13.
294 3824 345 3904 ἐφ’
367 3821 408 3898 οἷς
429 3827 457 3890 δὲ
477 3826 604 3897 θοθνατθς
627 3827 734 3911 [ἐστιν]
755 3830 771 3901 ἡ
789 3824 881 3905 ζιρμθα
897 3823 947 3888 καὶ
963 3822 1062 3887 λαθεῖν
1078 3821 1205 3904 [αὐτοῖς]

111 3932 265 4013 συνέφερε,
290 3937 379 4000 ταῦτ’
401 3938 449 4000 ἐπ’
471 3937 566 4018 εὐνοία
589 3934 666 4013 φασὶ
688 3944 725 4015 τῇ
746 3934 872 4015 ὑμετέρα
893 3939 1112 4011 παρανομῆσαι.
1144 3927 1208 3990 Νο-

111 4045 175 4104 tata
203 4043 297 4107 verba
331 4045 435 4108 malim
467 4044 583 4108 abesse.
616 4081 660 4092 -
683 4042 897 4124 Ἀναρποθζουσι
922 4042 1057 4105 sectione
1085 4041 1143 4115 15,
1168 4037 1207 4100 de

114 4170 173 4233 qno
189 4152 283 4217 verbo
300 4154 374 4216 sctis
390 4153 490 4217 multa
503 4152 667 4229 Reiskius,
685 4152 866 4237 simpliciter
882 4150 1052 4235 significare
1070 4148 1205 4212 videtur:

114 4258 275 4346 (debitum)
299 4262 388 4326 nobis
412 4264 619 4348 praeripiunt,
644 4262 682 4326 ab
703 4284 753 4326 ore
771 4261 897 4345 rapiunt
917 4260 965 4342 (cf.
986 4258 1053 4323 Iiv.
1074 4258 1118 4322 H.
1140 4258 1205 4340 35).

157 4372 174 4454 d
200 4374 249 4435 16.
275 4371 348 4436 Non
365 4372 596 4439 sollicitandum
612 4394 754 4459 praesens
770 4373 985 4451 aramancias,
1003 4367 1087 4451 quod
1104 4365 1205 4430 Mark-
