2958 5238
604 459 664 521 157

401 692 480 735 xxu.
510 698 586 737 ΚΑΤΑ
601 699 664 737 ΤΩΝ
680 698 863 737 ΣΙΤΟΠΩΛΩΝ-

128 895 145 977 q
169 897 200 957 1.
238 893 351 971 Multi,
372 894 490 977 inquit,
510 894 612 957 mirati
629 900 715 970 sunt,
733 892 817 977 quod
836 914 892 977 ego
909 893 1074 963 σιτοπώλας
1090 892 1122 955 in
1138 915 1181 955 se-

87 1012 160 1068 natu
177 1025 354 1067 accusarem
375 1000 428 1086 (ὅσι
450 1005 507 1081 ἐγὼ
526 1008 583 1067 πῶυ
598 1009 763 1068 σιτοπωλῶν
782 1005 811 1066 ἐν
823 1011 861 1083 σῇ
873 1001 966 1083 βουλῇ
980 1002 1179 1086 κατηγόρουν).

86 1112 157 1176 Non
188 1112 346 1197 putabant
368 1113 449 1176 enim
474 1120 626 1176 oratorem
651 1111 859 1196 sycophantae
882 1111 961 1174 velle
985 1111 1116 1174 similem
1140 1111 1182 1174 vi-

86 1225 166 1302 deri3
201 1234 235 1287 et
265 1231 369 1287 tamen
401 1222 593 1287 criminando
620 1222 704 1307 apud
727 1230 869 1286 senatum
894 1221 1026 1285 efficiens
1050 1229 1085 1286 ut
1108 1246 1181 1285 σιτο-

85 1323 187 1397 πωλῶν
212 1354 307 1396 causa
330 1341 478 1418 tanquam
501 1334 664 1396 noxiorum
688 1332 727 1395 ad
750 1330 902 1395 iudicium
925 1329 1095 1395 deferretur
1109 1330 1180 1394 talis

84 1443 179 1507 videri
211 1451 344 1527 poterat.
391 1441 464 1506 Non
495 1443 593 1527 igitur
624 1443 759 1507 sollicito
790 1441 832 1508 ἔσο
862 1465 917 1527 pro
941 1464 1003 1526 quo
1027 1441 1180 1526 Sauppius

85 1553 139 1619 ὅτε.
173 1591 221 1603 -
245 1553 400 1617 Dicebant
424 1553 514 1616 amici
538 1554 592 1636 (sic
616 1554 718 1638 pergit
741 1556 854 1637 orator)
878 1551 920 1618 ὅτι
946 1553 1028 1630 ὑμεῖς
1052 1552 1181 1651 (iudices

85 1689 106 1729 s.
134 1665 306 1750 populus),
331 1665 355 1727 εἰ
378 1667 415 1735 ὠς
439 1664 565 1741 μάλιστ’
588 1666 694 1736 αὐτοὺς
719 1666 796 1748 (τοὺς
821 1666 891 1747 σοπ.)
914 1664 1022 1729 ἀδικεῖν
1045 1665 1179 1745 ἡγοῖσθε,

86 1777 160 1841 οὐδὲν
193 1774 282 1852 ἧσσον
312 1775 363 1839 καὶ
390 1777 457 1847 σοὺς
482 1775 545 1856 περὶ
569 1776 678 1842 τούτου
701 1776 883 1853 ποιουμένους
906 1776 1011 1852 λόγους
1035 1783 1182 1857 συκοφοου-

84 1894 143 1951 σεῖυ
175 1886 322 1966 νομίζετε.
370 1885 519 1951 Praesens
551 1888 682 1966 νομίζετε
713 1886 751 1950 de
781 1908 866 1950 more
898 1895 928 1950 et
959 1884 1182 1949 consuetudine

86 1996 212 2061 dicitur.
262 1995 463 2073 Dardanarii,
488 1996 635 2081 inquilini
661 2005 692 2062 et
715 1997 884 2081 locupletes
908 2004 939 2060 et
962 2003 1116 2081 praeterea
1139 1996 1188 2058 in·.

86 2107 158 2184 visi,
185 2105 274 2190 qnod
297 2105 487 2169 frumentum
511 2106 644 2170 subinde
668 2106 836 2186 vexabant,
862 2115 925 2170 tam
948 2129 1037 2191 saepe
1057 2105 1183 2169 delatio·

87 2216 178 2280 nibus
204 2214 468 2300 sycophantarum
491 2224 579 2279 erant
602 2217 750 2300 expositi,
775 2225 812 2280 ut
834 2215 968 2292 induce,
994 2216 1112 2279 etiamsi
1136 2216 1183 2278 vel

87 2326 219 2390 maxime
255 2326 333 2387 istos
367 2325 475 2389 noxios
511 2334 676 2409 putarent,
712 2335 815 2391 tamen
849 2332 1040 2390 accusatores
1064 2348 1183 2410 semper

85 2434 161 2499 lucri
193 2458 291 2499 causa
322 2457 427 2499 eorum
458 2437 583 2501 nomina
600 2438 731 2515 ,deferre
763 2444 918 2522 putarent.
965 2435 1183 2520 Perspicuitati

86 2546 270 2610 consuletur
297 2546 417 2610 sicum
443 2546 624 2633 Hirschigio
650 2547 750 2631 (Misc.
775 2547 858 2610 Phil.
884 2555 914 2610 et
937 2545 1070 2629 Paedog.
1099 2548 1182 2608 1860

83 2676 112 2739 p.
131 2658 208 2741 138)
234 2655 301 2726 σούς
326 2664 396 2719 ante
420 2656 526 2731 λόγους
550 2657 732 2734 inserueris;
758 2657 811 2721 sed
835 2655 941 2720 eadem
959 2655 997 2720 de
1015 2677 1106 2718 causa
1122 2677 1183 2717 ma·

85 2763 137 2828 lim
169 2768 194 2830 εἰ
229 2767 279 2829 aa>
307 2768 343 2836 ὡς
367 2765 501 2844 μάλιστ’.
549 2766 666 2830 Contra
688 2767 740 2830 axi
764 2774 836 2830 ante
860 2767 926 2837 τούς
950 2765 1072 2828 videtur
1096 2766 1184 2828 omit·

84 2873 226 2941 tendum.
252 2874 345 2954 Quod
369 2876 484 2959 legitur
498 2878 515 2960 p
532 2879 562 2940 2.
587 2877 750 2941 scotatio
767 2877 806 2947 εἰς
822 2877 874 2948 τὴν
889 2875 998 2952 βουλὴν
1015 2877 1080 2954 περί
1094 2900 1181 2957 τινος,

84 2988 201 3067 referre
233 2987 275 3048 ad
304 2992 438 3051 renatam
469 2990 505 3051 de
537 2990 639 3070 alequa
666 3010 700 3050 re
723 2995 770 3050 est
793 2988 885 3050 etiam
910 2985 993 3070 apud
1016 2985 1183 3048 Isocratem

89 3095 137 3156 18.
165 3097 206 3156 6:
232 3096 329 3159 ἐκεῖνος
353 3094 377 3159 δ’
400 3098 440 3168 εἰς
463 3100 515 3171 τὴν
537 3098 648 3175 βουλὴν
671 3099 734 3178 περ)
758 3100 854 3163 οὔτῶν
877 3097 1034 3161 οὶπέδοσοου.

128 3202 262 3266 Habent
294 3225 330 3266 ea
361 3227 439 3289 quac
471 3205 508 3267 ab
541 3207 633 3270 initio
665 3229 762 3291 usque
786 3207 823 3270 ad
851 3214 923 3270 sect.
948 3210 969 3267 4
993 3204 1183 3287 (ψηφίσησθε)

85 3309 236 3395 leguntur
260 3315 364 3376 nescio
388 3314 465 3398 quid
488 3316 651 3400 sophistici
675 3316 807 3380 artificii.
847 3316 998 3380 Effeoerat
1015 3321 1182 3390 accusator,

86 3421 138 3503 qui
162 3429 290 3485 senator
313 3432 395 3500 erat,
421 3423 554 3508 primum
578 3431 613 3488 ut
637 3425 907 3489 frumentariorum
930 3447 1022 3489 causa
1045 3448 1063 3487 a
1087 3431 1184 3507 pryta-

88 3530 178 3594 nibus
213 3530 253 3592 ad
277 3539 417 3595 senatum
441 3532 622 3611 deferretur,
647 3543 714 3598 tum
738 3557 777 3597 ne
802 3545 928 3598 senatus
952 3556 1003 3598 eos
1027 3534 1184 3598 damnaret

88 3640 322 3719 intercesserat,
355 3641 489 3727 denique
521 3665 592 3706 cum
624 3651 824 3727 quaereretur
855 3666 931 3707 num
962 3650 1041 3707 esset
1069 3665 1122 3705 cur
1145 3643 1184 3706 ad

89 3749 242 3814 iudicium
265 3752 372 3836 populi
397 3776 420 3817 s.
447 3753 593 3817 heliastas
617 3775 707 3816 causa
729 3754 916 3830 reficeretur,
942 3751 1113 3816 accusando
1132 3752 1185 3815 ho-

90 3858 186 3922 mines
213 3860 353 3925 effecerat
376 3872 411 3926 ut
435 3864 479 3927 ita
502 3863 718 3927 decerneretur
725 3889 734 3940 ς
759 3886 845 3927 nunc
869 3862 993 3927 tandem
1017 3863 1082 3946 ipse
1101 3863 1184 3946 apud

89 3969 241 4053 populum
273 3973 372 4053 surgit
403 3984 572 4037 accusator.
619 3974 687 4037 Iam
721 3996 761 4036 ne
782 3975 915 4037 invisam
938 3971 1187 4057 quadruplatoris

90 4096 254 4158 personam
283 4087 386 4161 gerat,
419 4104 612 4167 summopere
644 4092 779 4167 puguat3
814 4091 845 4147 et
868 4083 991 4147 videtur
1014 4082 1115 4145 adhue
1139 4106 1185 4146 res

91 4183 165 4251 bene
191 4186 220 4250 ei
244 4188 386 4267 cessisse,
412 4213 509 4275 quum
532 4214 622 4256 nemo
645 4193 727 4258 inter
749 4195 932 4279 interpretes
955 4193 1111 4257 hominem
1133 4214 1186 4254 no-

92 4299 218 4375 taverit3
243 4296 321 4360 mihi
344 4305 448 4363 tamen
472 4300 595 4364 videtur
616 4323 649 4364 re
674 4324 743 4366 vera
766 4303 958 4388 sycophanta
981 4323 1044 4366 nou
1068 4301 1184 4378 melior,

93 4408 144 4487 qui
167 4406 297 4492 quidem
321 4406 359 4471 ab
382 4408 474 4473 initio
497 4409 576 4473 illud
593 4410 748 4475 studuerit
763 4411 956 4478 defendendo
972 4411 1078 4489 modo,
1095 4409 1186 4475 modo
