2958 5238
630 503 692 565 133

116 699 212 784 Apud
233 699 357 785 Lysiam
379 704 396 786 q
421 704 439 762 2
464 724 517 787 per
539 704 593 779 μὲν
617 700 661 767 οὖν
682 705 767 787 quasi
792 703 831 766 ad
850 726 958 769 novam
976 727 1038 768 rem
1056 707 1202 772 transitus

114 811 168 888 fit,
194 812 331 896 quamvis
354 812 447 897 paulo
470 818 538 897 post
563 814 625 896 (τὴν
648 813 671 877 δ’
694 815 765 889 ἐμὴν
787 814 919 893 οὶιιειρίοιν
940 816 1142 900 γιγνώσκουσι)
1159 840 1203 881 re-

115 921 187 985 deat
218 923 256 986 ad
286 923 319 986 id
349 924 431 1008 quod
460 924 519 987 iam
550 925 770 1008 significaverat
800 928 828 1010 (q
853 928 869 988 l
894 927 917 989 εἷ
949 927 997 990 aul
1026 930 1068 1005 μὴ
1091 929 1201 1013 δεινός);

114 1033 225 1118 Lysias
249 1034 380 1099 alterum
402 1035 585 1112 membrum,
610 1044 645 1098 nt
668 1035 835 1100 identidem
856 1036 1007 1101 hominem
1028 1039 1203 1124 imperitum

114 1146 238 1210 dicendi
281 1147 474 1224 ostenderet,
518 1146 646 1210 addidit.
693 1146 787 1231 Apud
823 1147 1010 1211 Andocidem
1046 1131 1103 1212 hoc
1136 1151 1203 1214 iure

114 1258 218 1334 deest,
243 1281 320 1343 quae
344 1266 446 1321 autem
468 1257 614 1321 dicuntur
636 1258 673 1321 de
694 1257 932 1323 adversariorum
952 1257 1023 1322 odio
1040 1261 1203 1345 superioris

113 1369 261 1454 temporis
285 1370 438 1433 mentione
462 1369 715 1454 comprobantur,
741 1378 776 1433 ut
800 1371 825 1434 si
849 1371 888 1433 sit
912 1370 1086 1455 eligendum
1104 1374 1203 1436 utrius

114 1479 208 1543 verba
238 1481 300 1543 sint
330 1479 397 1543 loco
421 1481 574 1544 communi
597 1480 758 1557 similiora,
783 1479 891 1565 Lysiae
916 1481 1050 1566 profecto
1075 1482 1204 1548 dicenda

114 1593 186 1655 sint.
236 1592 329 1676 Apud
357 1591 480 1677 Lysiam
510 1601 671 1679 postquam
695 1603 795 1657 orator
820 1593 947 1678 petivit,
973 1600 1009 1657 ut
1032 1598 1132 1659 ecdem
1155 1596 1204 1659 ba-

5 1736 6 1739 *
114 1703 289 1768 nevolentia
319 1726 350 1767 se
383 1712 473 1789 atque
505 1704 690 1769 adversarios
722 1704 879 1781 audirent,
911 1704 1001 1789 paulo
1032 1712 1100 1789 post
1123 1705 1204 1770 idem

114 1838 249 1900 aequum
280 1838 343 1879 esse
373 1816 449 1880 dicit
471 1816 587 1880 iudices
611 1815 720 1880 εὔνοιοιν
743 1816 834 1880 sraela
858 1815 936 1896 ἔχειν
962 1823 1020 1886 τοῖς
1044 1818 1203 1894 οὶιιολογον-

114 1927 228 2004 μένοις,
262 1927 360 2011 qualis
391 1927 595 2014 discrepantia
626 1928 707 2012 apud
737 1927 928 1992 Andocidem
955 1950 1016 1992 non
1041 1928 1206 2012 deprehen-

114 2039 209 2102 ditur.
258 2039 369 2123 Aptius
402 2038 575 2103 Andocides
598 2042 614 2124 ξ
639 2042 655 2103 7
680 2039 743 2103 ὥσθ’
767 2040 845 2116 ὑμᾶς
865 2039 941 2102 πολὺ
961 2038 996 2103 ἂν
1013 2038 1205 2114 cua-ua-
1260 2118 1262 2122 Ι

112 2151 327 2231 ινγορονμὲνιον
359 2172 450 2234 quam
480 2149 586 2235 Lysias
617 2153 634 2235 q
659 2153 699 2213 4:
731 2149 796 2214 aa
824 2150 892 2230 ὑπὲρ
915 2188 960 2198 -
982 2152 1117 2215 οοιιενιδεῖν
1140 2151 1205 2234 (ὑφ’

111 2262 253 2326 ιὶιιοέντων
276 2268 332 2327 τῶν
355 2263 595 2343 νιοιροιγενομένον
627 2262 766 2327 Dobreus
794 2271 823 2327 et
848 2262 1042 2347 Westerm.),
1067 2264 1205 2346 quaeda

109 2375 221 2438 multis
253 2373 320 2437 aliis
353 2396 445 2459 quam
475 2374 513 2438 de
545 2373 660 2438 iudicio
692 2373 751 2438 dici
775 2382 914 2458 possunt.
961 2372 1090 2457 Reliqua
1110 2375 1206 2437 mino·

110 2486 151 2548 ris
182 2486 333 2548 momenti
366 2493 455 2563 sunt;
491 2485 668 2576 diligentior
699 2508 771 2548 sane
802 2485 954 2570 oppositio
986 2491 1031 2549 est
1053 2485 1132 2548 iuter
1154 2487 1205 2560 τὴν

110 2599 291 2677 κοννγορίοιν
322 2599 490 2671 ἕποιήοοιντο
521 2604 551 2660 et
573 2597 625 2672 τὴν
650 2600 815 2674 οὶιιοιιογίοιν
838 2603 973 2676 ποιοῦμοιι
998 2596 1080 2682 apud
1104 2596 1206 2659 Ando-

113 2710 213 2775 cidem
247 2731 340 2794 quam
369 2707 503 2776 inter'r.
535 2735 563 2776 κ.
587 2712 634 2775 ἐνι.
659 2718 690 2773 et
712 2709 912 2790 ἀγωνιζόμεθα
935 2709 986 2773 sed
1011 2709 1085 2772 haec
1107 2707 1205 2772 nihilo

114 2821 265 2897 deterior;
298 2829 328 2884 et
355 2821 438 2905 quod
467 2822 641 2886 Andocides
666 2821 725 2884 alia
749 2820 878 2905 quadam
901 2821 1017 2906 periodi
1040 2820 1206 2884 conforma-

114 2935 199 2997 tione
229 2933 478 3012 ψευδομνιρτνριῶν
506 2933 592 2998 addit
618 2944 688 3018 post
711 2933 862 3008 ἕνέλωσνιν,
885 2940 987 3017 potest
1009 2931 1042 2995 id
1064 2938 1100 2995 ut
1123 2931 1204 3016 apud

114 3044 240 3129 Lysiam
272 3043 384 3107 abesse.
433 3043 490 3107 His
519 3044 614 3128 igitur
641 3045 759 3107 omissis
790 3067 825 3107 ax
849 3044 974 3128 reliquis
997 3066 1141 3128 apparere
1163 3044 1205 3107 vi-

113 3154 204 3218 detur
228 3152 420 3218 Andocidem
443 3154 545 3238 potius
564 3153 673 3238 Lysiae
693 3155 834 3239 praeiisse
855 3154 946 3239 qnam
965 3164 1087 3231 contra;
1104 3176 1204 3238 neque

113 3287 149 3328 ex
174 3265 331 3328 communi
354 3264 437 3329 fonte
460 3274 625 3351 utrumque
649 3265 750 3330 locum
773 3267 896 3331 fluxisse
920 3288 956 3329 ex
980 3265 1203 3349 comparatione

113 3378 277 3459 utriusque
308 3378 435 3440 oratoris
459 3377 562 3462 colligi
585 3386 686 3463 potest
693 3406 701 3456 ;
729 3402 800 3443 nam
824 3378 906 3465 apud
930 3377 1119 3455 Andocidem
1143 3400 1204 3441 seo-

113 3489 156 3552 tio
180 3490 199 3550 2
226 3510 318 3573 supra
343 3487 495 3573 descripta
515 3490 616 3572 (quam
640 3490 755 3553 omittit
777 3489 923 3575 Spengel,
946 3489 1067 3553 Artium
1085 3490 1202 3573 scriptt.

114 3621 142 3682 p.
177 3601 253 3683 106)
283 3606 314 3662 et
345 3622 380 3662 aa
403 3621 480 3684 quae
503 3600 589 3664 inter.
607 3600 684 3666 hanc
708 3610 739 3665 et
763 3602 902 3686 quintam
927 3603 1089 3666 sectionem
1113 3602 1204 3664 inter·
1231 3618 1244 3631 ·

115 3718 273 3794 ponuntur
302 3718 365 3774 arte
394 3734 464 3775 cunr
495 3734 585 3776 causa
616 3735 752 3776 connexa
775 3721 857 3777 sunt.
904 3712 1019 3796 Utique
1042 3735 1105 3776 non
1127 3711 1203 3775 mihi

115 3823 257 3886 convenit
286 3845 355 3886 curn
389 3824 478 3888 Dect.
508 3823 629 3903 Nabar,
659 3826 768 3911 quiin
793 3825 864 3889 diss.
890 3824 927 3889 de
951 3824 1010 3888 fide
1033 3823 1202 3888 Andocidis

115 3933 261 3996 orationis
291 3933 329 3998 de
359 3936 513 4020 Mysteriis
544 3960 573 4021 p.
607 3939 662 4002 17:
690 3939 740 4015 „si
768 3938 856 4015 alter,
889 3937 1005 4021 inquit,
1034 3936 1119 3999 locus
1142 3935 1203 3998 fuit

114 4043 204 4118 „fons
229 4045 368 4124 alteriue,
392 4047 501 4133 Lysiae
525 4050 610 4113 locus
635 4051 768 4114 estsine
792 4049 886 4113 dubio
912 4046 1096 4132 antiquior.''

159 4154 338 4241 Sequuntur
367 4161 384 4244 d
408 4161 425 4222 5
460 4161 541 4244 apud
572 4159 696 4244 Lysiam
718 4161 810 4226 οἰκούιο
834 4162 893 4240 γὰρ
913 4160 1027 4238 ἔγωγε,
1051 4158 1100 4223 acl
1125 4158 1202 4231 ὑμῶν

115 4264 144 4328 δὲ
170 4269 235 4340 τοὺς
266 4271 390 4341 πολλοὺς
421 4266 501 4349 οἶμοι
527 4272 644 4351 atussa,
673 4269 715 4338 ὅτι
739 4272 854 4337 νιοὶντινν
878 4271 1036 4346 δεινότατόν
1056 4273 1116 4336 ἐστι
1141 4271 1201 4334 διοι-

116 4376 208 4453 βολή.
231 4380 377 4456 ,caturam
407 4382 436 4447 δὲ
458 4383 538 4447 νοῦν)
562 4383 623 4464 ἔχοι
652 4381 688 4447 ἔον
710 4409 754 4456 τις
777 4384 859 4459 ἰδεῖν,
883 4381 953 4447 ὅτοιν
976 4383 1076 4445 πολλοὶ
1097 4381 1144 4446 ἐπὶ
1164 4391 1200 4462 τῇ

118 4491 191 4573 αὐτῇ
223 4491 304 4577 ciria
335 4494 373 4564 εἰς
398 4495 501 4571 οὶγῶνοι
524 4503 723 4563 νοιτοιστῶοιν.
745 4497 781 4567 ὡς
803 4496 862 4581 γὰρ
885 4493 931 4558 aa>
953 4493 986 4558 τὸ
1010 4495 1083 4561 πολὺ
1106 4495 1130 4559 οἱ
1154 4517 1200 4563 νε-
