2994 5234
822 422 883 482 192

308 618 405 691 Φυλὴν
427 618 562 684 ἐλθόντων
586 618 635 684 καί
660 617 709 681 τὸν
731 620 853 697 Πειραιοῖ
877 618 1121 695 καταλαβόντων.
1157 619 1319 683 Sententia
1334 627 1389 684 est:

307 749 392 804 „nou
424 728 506 791 enim
530 749 567 791 ex
590 727 638 791 his
662 727 729 811 (qui
752 726 785 789 iu
809 727 884 791 urbe
907 731 1098 813 manserunt)
1122 731 1284 813 pauciores
1308 731 1392 794 hono

307 837 410 913 „ravit
449 836 501 919 (ad
543 836 675 900 honores
718 835 853 920 admisit)
887 836 1012 914 civitas,
1050 859 1143 921 quam
1177 861 1215 902 eu
1254 840 1308 917 iis,
1345 842 1392 923 qui

306 943 447 1029 „Phylen
471 944 657 1009 obsederunt
680 950 711 1007 et
734 942 877 1008 Piraeum
900 946 1165 1030 occupaverunt,'’
1194 947 1277 1011 sive:
1301 949 1324 1010 ii
1345 948 1393 1032 qui

307 1053 477 1119 honoribus
500 1054 599 1118 functi
623 1060 696 1118 sunt
720 1061 827 1139 postea
847 1076 941 1138 aeque
966 1078 1003 1118 ex
1025 1055 1064 1118 iis
1089 1057 1144 1140 qui
1167 1064 1392 1132 remanserunt,

307 1186 399 1248 quam
423 1185 458 1227 ex
482 1163 624 1228 exulibus
647 1164 783 1227 fuerunt.
831 1162 891 1227 Sed
914 1171 950 1227 ut
973 1164 1048 1228 haec
1072 1173 1176 1248 aperta
1192 1167 1234 1229 sit
1246 1166 1394 1230 sententia
1476 1164 1477 1235 l

307 1278 377 1356 post
399 1271 555 1349 τετίμηκεν
579 1270 756 1336 addendum
783 1278 829 1335 est
853 1272 880 1347 ἥ.
927 1270 1009 1335 Nam
1032 1274 1187 1357 genitivus
1212 1283 1260 1339 est
1283 1275 1395 1360 partiti·

307 1404 380 1459 vus,
406 1404 468 1446 non
493 1381 740 1466 comparationis.

349 1493 367 1576 t
392 1493 442 1554 19.
490 1490 667 1555 Admodum
697 1488 807 1553 dubito
838 1511 878 1553 an
908 1490 986 1554 δοκεῖ
1004 1516 1033 1556 σν
1061 1491 1144 1573 παροί
1167 1517 1220 1557 τννν
1245 1494 1392 1558 Graecum

305 1623 368 1665 non
400 1602 459 1678 sit3
492 1600 607 1664 dicitur
641 1598 759 1683 aliquid
782 1598 944 1679 νομίζεσθαι
968 1601 1051 1679 παρὰ
1074 1605 1182 1685 σοῖσιν,
1206 1604 1349 1679 ἕννῶσθαί
1367 1628 1391 1667 rr

306 1709 389 1790 σαοοί
412 1734 466 1775 τινί
496 1713 538 1793 (1.
564 1712 614 1793 2),
646 1709 753 1773 δίκαιον
776 1703 847 1773 εἶναι
871 1710 954 1788 παρὰ
977 1713 1067 1773 σοῖσιν
1090 1711 1160 1792 (hoc
1173 1713 1305 1777 maxime
1317 1711 1393 1796 apud

306 1827 411 1904 poetas
436 1826 468 1883 et
491 1819 714 1900 Herodotum),
744 1840 916 1902 nusquam,
949 1819 1033 1903 quod
1057 1821 1168 1897 sciam,
1201 1822 1291 1887 δοκεῖν
1314 1821 1391 1898 παρὰ

306 1932 405 1994 πᾶσιν.
452 1928 563 2012 Itaque
586 1929 619 1991 in
642 1927 743 1991 verbis
766 1928 850 1992 ἀλλὰ
873 1927 923 1991 καὶ
952 1926 964 1991 ὃ
988 1929 1098 2005 ἄλογον
1121 1930 1198 1993 δοκεῖ
1218 1925 1291 1995 εἶναι
1314 1929 1391 2010 rapat

305 2063 396 2114 τισιν,
421 2038 559 2121 suspicor
582 2036 664 2117 rapat
687 2037 877 2122 adscriptum
901 2036 995 2101 fuisse
1019 2038 1233 2121 explicationis
1250 2062 1341 2103 causa
1356 2038 1391 2100 ad

305 2147 413 2225 ἄνομον
437 2174 479 2206 =
503 2149 585 2227 παραὶ
608 2146 705 2223 λόγον.
753 2145 847 2226 Quod
870 2154 941 2230 post
957 2146 1150 2211 collectivum
1166 2148 1296 2230 pluralis
1311 2170 1390 2211 usur·

306 2264 399 2341 patur
421 2280 484 2321 non
508 2280 581 2321 saue
603 2257 782 2334 insolitum;
807 2255 977 2320 notandum
1001 2263 1104 2320 tamen
1127 2258 1262 2321 sectione
1280 2260 1320 2321 20
1338 2257 1390 2319 hoc

306 2389 374 2431 raro
403 2367 485 2452 apud
514 2374 648 2431 oratores
671 2389 731 2430 usu
754 2367 819 2430 fieri
842 2373 913 2450 post
935 2367 1024 2445 δῆμος
1047 2367 1232 2431 vocabulum
1255 2375 1318 2431 tam
1339 2365 1389 2428 he

306 2477 429 2559 quentis
453 2499 529 2541 naus
555 2477 740 2567 (αἱρούμενον,
766 2477 881 2553 αὐτοῖς,
906 2476 1113 2560 ἐψηφίσαντο).

351 2584 530 2649 Orationem
554 2585 632 2649 hanc
656 2584 844 2648 referendam
869 2606 933 2648 esse
957 2584 995 2647 ad
1019 2607 1134 2648 annum
1159 2587 1242 2663 382,
1272 2584 1322 2647 Ol.
1339 2585 1385 2645 99.

307 2697 326 2756 9
335 2743 344 2772 ,
370 2716 466 2778 quum
486 2694 643 2773 Evander,
668 2694 706 2757 de
730 2694 818 2757 cuius
835 2694 991 2776 δοκιμασία
1007 2693 1057 2757 hic
1074 2700 1200 2777 agatur,
1217 2693 1386 2778 Eponymus

306 2804 431 2867 Archon
461 2804 555 2867 fuerit
585 2802 636 2866 Ol.
669 2806 722 2865 99.
751 2806 788 2880 3,
813 2804 931 2886 primus
955 2811 1037 2867 recte
1060 2804 1278 2868 animadvertit
1300 2799 1384 2865 Hoel·

306 2914 439 2978 scherus.
486 2913 672 2977 Dubitatum
695 2913 756 2976 fuit
779 2913 918 2996 quidem,
943 2921 1047 2976 utrum
1070 2935 1238 2997 eponymus
1258 2912 1386 2988 οηβασν-

304 3023 372 3096 λεύς
407 3022 548 3086 Evander
582 3022 761 3106 designatus
784 3023 894 3100 fuerit3
919 3022 971 3085 aed
996 3023 1062 3086 iure
1084 3022 1215 3106 'Payloro
1239 3021 1277 3085 de
1304 3022 1384 3099 βασι-

303 3140 353 3197 λεῖ
381 3132 529 3217 cogitanti
560 3132 701 3195 Dobreus
733 3132 878 3216 opposuit
909 3133 926 3215 b
960 3134 1016 3210 12,
1048 3133 1103 3196 ubi
1135 3131 1276 3195 Evander
1303 3127 1383 3206 adarca

303 3242 427 3306 futurus
459 3265 525 3306 esse
556 3241 670 3305 dicitur
701 3243 860 3321 ἐπικλήρων
883 3240 932 3306 καί
955 3243 1103 3324 ὀρφανῶν,
1128 3263 1258 3326 quorum
1282 3257 1381 3303 causae

303 3352 341 3414 ad
364 3352 465 3414 forum
489 3350 655 3414 Archontis
679 3349 831 3433 Eponymi
855 3350 1036 3433 pertineant.
1084 3349 1131 3414 Of.
1157 3350 1262 3414 Herm.
1279 3348 1382 3411 Staats·

302 3461 355 3523 alt.
379 3462 396 3543 ξ
422 3463 494 3524 138.
521 3463 540 3521 6
564 3467 595 3524 11
618 3481 711 3543 supra
738 3461 789 3522 15.
814 3461 845 3522 3.
884 3457 996 3543 Neque
1018 3460 1137 3543 reliqua
1160 3459 1292 3523 obstant.
1322 3456 1382 3518 Sec-

301 3571 385 3634 tione
419 3574 457 3633 11
490 3593 568 3654 quae
596 3569 744 3653 leguntur
773 3568 851 3644 οὶξνοῖ
878 3607 923 3618 -
944 3570 1025 3647 μετὰ
1048 3578 1102 3644 τῆς
1127 3572 1155 3633 ἐν
1179 3570 1280 3650 Ἀρείῳ
1301 3564 1381 3641 πίνῳ

300 3681 410 3758 βουλῆς
441 3679 488 3745 τὸν
518 3678 642 3744 ἅπαντα
670 3680 771 3761 χρόνον
801 3687 857 3745 τῶν
881 3680 1032 3759 μεγίστων
1055 3680 1144 3760 κύριος
1168 3680 1299 3756 γενέσθαι
1321 3693 1381 3759 pos·

301 3797 373 3853 sunt
397 3788 434 3851 ad
459 3810 563 3852 omnes
587 3788 748 3854 archontes
771 3789 893 3867 referri3
918 3812 1022 3854 omnes
1045 3791 1127 3854 enim
1150 3796 1237 3874 gesto
1266 3803 1379 3852 munere

301 3898 503 3983 Areopagitae
535 3898 656 3963 fiebant.
705 3899 748 3962 nt
776 3899 870 3963 sectio
904 3902 922 3961 8
953 3907 1076 3963 nostrae
1105 3899 1378 3963 01110111111111-

301 4008 415 4072 tentiae
439 4014 475 4070 ut
498 4007 592 4090 paulo
616 4016 686 4093 post
709 4009 878 4094 apparebit.

344 4116 459 4181 Fuerat
480 4117 576 4201 igitur
600 4140 635 4181 eo
660 4140 740 4182 anno
763 4120 796 4182 in
819 4118 976 4199 δοκιμασίᾳ
999 4117 1189 4201 improbatus
1205 4116 1376 4184 reclama,

299 4233 457 4290 accusatus
482 4249 500 4291 a
522 4226 714 4311 Thrasybulo
738 4226 925 4313 Oollytensi,
958 4226 997 4290 de
1021 4249 1082 4309 qua
1106 4228 1298 4290 accusatione
1320 4220 1378 4283 ari·

300 4337 425 4400 stotcles
449 4336 539 4400 Rhet.
556 4336 601 4400 II.
621 4339 680 4400 23:
705 4338 871 4415 Λεωδοίμας
894 4337 1129 4414 ἀπολογούμενος
1155 4335 1285 4420 [darach
1301 4355 1378 4400 carr·
