2994 5234
644 443 705 504 lca

124 637 306 708 Πλαταιεὺς
325 633 413 710 εἶναι,
434 662 461 701 κ.
474 661 502 701 τ.
516 639 539 701 ἑ.
557 644 646 721 putet
664 658 787 701 necesse
810 646 871 715 est,
896 640 928 702 in
952 640 1160 724 superioribus
1184 642 1223 705 de

120 746 192 829 ipsa
217 752 395 809 retentum
426 766 596 809 sermonem
625 768 707 822 esse,
739 768 822 810 nunc
845 749 975 812 transire
1005 756 1155 813 oratorem
1183 750 1221 814 ad

118 852 310 931 Pancleonis
334 854 567 918 confessionem.
607 852 680 918 Non
704 855 796 919 aliam
821 856 895 920 haec
915 857 1150 941 explicationem
1172 858 1223 922 ad·

118 964 267 1027 mittunt.
314 965 358 1027 At
380 965 397 1047 q
422 966 462 1026 12
486 966 548 1028 iam
572 963 690 1028 dictum
711 973 791 1029 erat:
814 965 856 1029 dcc
873 967 930 1030 οὐθ’
949 966 1038 1031 αὐτὸν
1058 972 1223 1045 Παγκλέων

118 1073 233 1153 νομίζει
257 1074 359 1139 ἑαυτὸν
382 1077 426 1151 μη
448 1072 491 1140 ὅτι
514 1077 674 1140 Πλαταιέα
697 1072 769 1140 εἶναι
792 1075 863 1140 ἀλλ’
885 1076 943 1141 οὐδ’
964 1078 1115 1156 ἐλεύθερον.
1153 1077 1224 1140 Per·

118 1183 168 1268 git
195 1182 294 1267 igitur
315 1184 333 1267 q
358 1185 396 1245 13
428 1183 555 1248 eandem
585 1206 649 1248 rem
672 1183 899 1261 demonstrare,
925 1185 978 1249 sed
1002 1185 1100 1250 verbis
1124 1187 1224 1250 utitur

118 1295 160 1358 ad
188 1293 254 1357 alia
276 1294 443 1358 transitum
466 1294 658 1378 parantibus.
706 1293 830 1390 Omissa
852 1301 919 1357 tota
943 1296 1078 1359 sectione
1105 1298 1144 1359 la
1169 1305 1224 1359 aut

118 1411 251 1469 mutata
272 1406 312 1466 13
335 1404 368 1466 in
392 1404 477 1467 hunc
500 1403 562 1468 fere
585 1404 712 1469 modum
813 1405 1004 1481 γιγνώσκειν·
1028 1402 1104 1482 ὅμως
1124 1406 1153 1470 δὲ
1173 1409 1222 1470 καὶ

119 1515 153 1592 ἐξ
179 1513 286 1579 ἄλλων
309 1510 345 1578 ὧν
368 1514 477 1594 ἔπραξε
499 1516 608 1580 ταύτὸν
629 1516 812 1592 μαθήσεσθε,
829 1515 904 1578 haec
918 1523 999 1578 recte
1015 1537 1047 1577 se
1063 1515 1222 1578 baberent.

167 1627 188 1710 d
217 1627 269 1687 14.
316 1625 378 1688 ε’ττεὶ
402 1624 427 1688 δ’
452 1626 625 1705 ὑπερήμερος
649 1625 782 1702 ἐγένετο,
808 1623 917 1699 ἐξέτισε
940 1626 993 1697 την
1012 1626 1106 1707 δίκην,
1128 1624 1224 1689 ναθθτι

7 1794 9 1815 ,
120 1736 251 1801 ἔπειθεν.
299 1733 450 1798 Mulctam
490 1734 587 1818 igitur
616 1735 782 1819 pependit,
815 1735 908 1798 sicuti
939 1743 1124 1797 convenerat
1154 1756 1224 1798 cum

122 1841 321 1910 Aristodico.
361 1844 538 1926 Antequam
562 1865 634 1906 vero
658 1843 697 1907 cd
713 1844 969 1928 compositionem
985 1845 1087 1921 venit,
1104 1843 1225 1907 Thebas

121 1955 231 2039 fugit,
256 1952 362 2036 ibique
385 1951 559 2034 inquilinus
579 1951 641 2016 fuit
656 1953 812 2037 (μετῴκει).
849 1951 997 2017 Ordinem
1014 1953 1109 2036 igitur
1124 1975 1225 2017 rerum

122 2064 297 2150 pervertit,
329 2063 405 2126 baec
435 2068 591 2146 postrema
621 2063 756 2126 sectione
782 2062 907 2127 demum
932 2064 973 2125 15
997 2085 1141 2140 narrans3
1171 2063 1225 2125 sed

123 2176 227 2240 huius
253 2171 463 2256 dispositionis
487 2193 579 2258 causa
602 2171 668 2236 esse
691 2174 795 2257 potuit
818 2173 910 2250 haec,
936 2172 1020 2257 quod
1044 2195 1080 2236 ex
1102 2196 1137 2237 ea
1151 2173 1225 2256 faga

124 2294 159 2350 et
195 2283 272 2347 odio
299 2284 381 2346 inter
410 2281 605 2345 Plataeenses
631 2289 662 2345 et
684 2283 847 2347 Thebanos
871 2305 987 2347 novum
1010 2292 1225 2368 argumentum

7 2436 9 2461 J
124 2395 214 2481 petit
245 2394 315 2475 (152
347 2390 440 2455 ccicc
469 2414 496 2454 ιι.
521 2415 549 2454 τ.
573 2392 610 2475 ἑ.)
642 2392 726 2474 quod
758 2393 801 2456 sic
826 2415 843 2455 a
867 2392 1023 2476 superiore
1047 2393 1159 2455 clarius
1182 2392 1226 2454 di-

7 2502 9 2543 5
125 2503 315 2587 stinguitur.

174 2616 194 2698 q
221 2615 272 2675 16.
319 2610 446 2695 Frigent
477 2619 631 2696 postrema
662 2611 771 2675 verba:
801 2613 854 2676 ε’θιν
878 2613 938 2690 adp
961 2612 1223 2689 διαμνημονεύητε,

123 2723 186 2792 οἷδ’
219 2720 263 2787 tn
286 2721 326 2786 τθ
349 2744 383 2784 τε
414 2720 512 2785 δίκαια
538 2723 588 2784 καὶ
617 2723 731 2794 τάληθῆ
753 2722 927 2803 ψηφιεῖσθε,
951 2721 1000 2785 καὶ
1023 2720 1045 2785 ἃ
1067 2723 1125 2797 ἐγὼ
1142 2713 1226 2799 θινῶν

124 2834 244 2911 δέομαι.
290 2830 415 2910 Quanto
444 2829 556 2894 melius
588 2831 662 2894 haec
693 2833 737 2894 sic
765 2854 797 2894 se
824 2830 989 2894 baberent:
1015 2832 1065 2895 ε’ὂιν
1082 2832 1148 2910 pap
1167 2831 1226 2895 δια-

124 2939 352 3022 μνημονεύσητε
385 2939 440 3023 [τὰ
466 2941 616 3020 εἰρημένα,
641 2941 691 3004 καὶ
714 2939 857 3025 ποιητηθ]
882 2939 903 3005 ἃ
926 2942 983 3017 ἐγὼ
1008 2943 1085 3017 ὑμῶν
1109 2941 1224 3019 δέομαι,

123 3050 185 3118 οἶδ’
210 3046 254 3115 ἔτι
278 3047 318 3113 τα
341 3074 375 3113 τε
398 3049 496 3113 δίκαια
521 3052 569 3113 καὶ
593 3052 706 3125 τάληθῆ
729 3052 895 3131 ψηφιεῖσθε.

175 3161 226 3225 De
258 3165 324 3222 tota
355 3179 447 3222 causa
478 3159 523 3222 ita
554 3159 753 3224 statuendum
784 3168 870 3244 puto.
918 3161 1014 3222 Actor
1044 3158 1225 3222 iniuriarum

126 3270 288 3335 actionem
312 3269 377 3353 (qt
402 3269 504 3332 ἀδικῶν
535 3271 585 3333 οὐκ
614 3268 752 3353 ἐπαύετο)
781 3276 888 3333 contra
916 3267 1120 3331 Pancleonem
1145 3267 1226 3352 apud

126 3378 367 3444 Polemarcbum
392 3378 571 3441 instituerat
594 3379 622 3461 (q
646 3381 693 3462 5),
719 3386 787 3441 tum
811 3378 943 3442 Pancleo
960 3377 1169 3460 exceptionem
1185 3377 1227 3439 af-

126 3490 206 3564 fort,
232 3485 424 3549 contendens
448 3487 655 3570 cognitionem
678 3510 741 3551 non
766 3511 832 3552 esse
855 3486 1046 3551 Polemarcbi
1070 3486 1113 3570 (is
1129 3485 1166 3548 de
1182 3485 1228 3548 in·

128 3597 262 3683 quilinis
291 3595 340 3657 ius
371 3588 524 3678 dicebat),
557 3597 703 3679 quoniam
734 3597 923 3662 Plataeensis
952 3598 971 3660 i.
997 3619 1022 3659 e.
1049 3595 1123 3659 civis
1148 3604 1228 3658 esset

129 3707 182 3790 (cf.
216 3703 386 3767 Hermann.
420 3706 550 3789 Antiqu.
583 3708 600 3790 q
626 3709 702 3783 117,
726 3730 757 3771 n.
785 3709 821 3784 6;
846 3729 904 3770 van
929 3705 989 3769 den
1012 3704 1071 3781 Es,
1097 3703 1134 3767 de
1158 3725 1228 3767 con-

130 3815 230 3880 nubio
245 3813 291 3876 int
310 3812 475 3897 Bijdragen
492 3836 549 3878 van
567 3815 619 3878 bet
636 3815 713 3880 Gen.
731 3839 790 3879 van
805 3815 955 3879 Leeraren
973 3835 1030 3877 aaa
1047 3813 1085 3876 de
1101 3811 1226 3877 Nederl.

132 3925 249 4008 Gymn.
283 3924 523 4002 lata-1859,
557 3948 587 4009 p.
622 3928 681 4003 50,
712 3930 780 4011 sq).
827 3925 878 3988 Ad
909 3946 998 4009 quem
1025 3922 1227 3988 refellendum

132 4033 210 4096 dum
233 4031 411 4095 testimonia
435 4034 609 4118 conquirit,
627 4034 740 4098 accidit
755 4042 792 4099 ut
807 4033 991 4098 Nicomedes
1009 4032 1133 4115 quidam
1151 4032 1229 4096 Pan-

134 4142 274 4207 cleonem
307 4148 458 4224 tauquam
485 4165 578 4207 suum
600 4166 722 4209 servum
746 4144 896 4221 abducat3
921 4141 973 4206 sed
998 4141 1078 4205 datis
1102 4141 1229 4206 vadibus

131 4249 191 4314 ille
214 4251 384 4315 dimittitur
407 4253 438 4314 in
463 4252 545 4317 diem
569 4256 761 4337 proximum,
785 4261 822 4317 ut
846 4276 881 4317 ca
904 4254 942 4315 dc
965 4274 997 4315 re
1020 4253 1086 4314 iure
1110 4258 1228 4335 agatur.

133 4358 216 4424 Tum
239 4382 311 4426 vero
335 4360 467 4426 Pancloo
492 4386 510 4426 a
532 4364 734 4429 familiaribus
759 4387 812 4449 per
835 4365 896 4428 vim
914 4386 929 4426 e
945 4361 1060 4425 iudicio
1078 4358 1229 4423 abductus

1053 4474 1111 4531 11*
