<?xml version="1.0" encoding="UTF-8"?>
<!DOCTYPE html PUBLIC "-//W3C//DTD XHTML 1.0 Transitional//EN"
    "http://www.w3.org/TR/xhtml1/DTD/xhtml1-transitional.dtd">
<html xmlns="http://www.w3.org/1999/xhtml" xml:lang="en" lang="en">
 <head>
  <title>
</title>
<meta http-equiv="Content-Type" content="text/html;charset=utf-8" />
  <meta name='ocr-system' content='tesseract 3.04.00' />
  <meta name='ocr-capabilities' content='ocr_page ocr_carea ocr_par ocr_line ocrx_word'/>
</head>
<body>
  <div class='ocr_page' id='page_1' title='image "./commentationesl03frangoog_0028.png"; bbox 0 0 3002 5240; ppageno 0'>
   <div class='ocr_carea' id='block_1_1' title="bbox 540 460 686 534">
    <p class='ocr_par' dir='ltr' id='par_1_1' title="bbox 540 460 686 534">
     <span class='ocr_line' id='line_1_1' title="bbox 540 460 686 534; baseline 0.014 -2"><span class='ocrx_word' id='word_1_1' title='bbox 540 460 686 534; x_wconf 75' lang='lat'>&#39;18</span> 
     </span>
    </p>
   </div>
   <div class='ocr_carea' id='block_1_2' title="bbox 112 669 1208 2188">
    <p class='ocr_par' dir='ltr' id='par_1_2' title="bbox 112 669 1208 2188">
     <span class='ocr_line' id='line_1_2' title="bbox 129 669 1203 757; baseline 0.007 -25"><span class='ocrx_word' id='word_1_2' title='bbox 129 669 187 734; x_wconf 91' lang='lat' dir='ltr'>lide</span> <span class='ocrx_word' id='word_1_3' title='bbox 208 671 242 734; x_wconf 90' lang='lat' dir='ltr'>in</span> <span class='ocrx_word' id='word_1_4' title='bbox 267 670 401 734; x_wconf 87' lang='lat' dir='ltr'>oratione</span> <span class='ocrx_word' id='word_1_5' title='bbox 423 671 490 734; x_wconf 66' lang='grc' dir='ltr'>κατ’</span> <span class='ocrx_word' id='word_1_6' title='bbox 512 669 698 750; x_wconf 68' lang='grc' dir='ltr'><strong><em>Ἐργοκλέους</em></strong></span> <span class='ocrx_word' id='word_1_7' title='bbox 721 671 819 756; x_wconf 69' lang='lat'>(28)§</span> <span class='ocrx_word' id='word_1_8' title='bbox 835 673 853 734; x_wconf 87' lang='grc'><em>8</em></span> <span class='ocrx_word' id='word_1_9' title='bbox 870 672 1073 757; x_wconf 79' lang='lat' dir='ltr'><strong>suspicionem</strong></span> <span class='ocrx_word' id='word_1_10' title='bbox 1088 681 1203 753; x_wconf 87' lang='lat' dir='ltr'>movet,</span> 
     </span>
     <span class='ocr_line' id='line_1_3' title="bbox 130 779 1205 871; baseline 0.008 -29"><span class='ocrx_word' id='word_1_11' title='bbox 130 779 368 866; x_wconf 77' lang='lat' dir='ltr'>Thrasybulum,</span> <span class='ocrx_word' id='word_1_12' title='bbox 392 789 428 845; x_wconf 90' lang='lat' dir='ltr'>ut</span> <span class='ocrx_word' id='word_1_13' title='bbox 450 782 565 845; x_wconf 88' lang='lat' dir='ltr'>iudicio</span> <span class='ocrx_word' id='word_1_14' title='bbox 589 803 619 845; x_wconf 92' lang='lat' dir='ltr'>se</span> <span class='ocrx_word' id='word_1_15' title='bbox 643 780 862 861; x_wconf 79' lang='lat' dir='ltr'>substraheret,</span> <span class='ocrx_word' id='word_1_16' title='bbox 886 791 1014 849; x_wconf 86' lang='lat' dir='ltr'>mortem</span> <span class='ocrx_word' id='word_1_17' title='bbox 1029 785 1088 849; x_wconf 89' lang='lat' dir='ltr'>sibi</span> <span class='ocrx_word' id='word_1_18' title='bbox 1104 786 1205 871; x_wconf 90' lang='lat' dir='ltr'>ipsum</span> 
     </span>
     <span class='ocr_line' id='line_1_4' title="bbox 131 892 1206 983; baseline 0.007 -30"><span class='ocrx_word' id='word_1_19' title='bbox 131 892 277 957; x_wconf 90' lang='lat' dir='ltr'>intulisse.</span> <span class='ocrx_word' id='word_1_20' title='bbox 313 892 404 973; x_wconf 77' lang='lat' dir='ltr'>Quod</span> <span class='ocrx_word' id='word_1_21' title='bbox 436 895 463 957; x_wconf 90' lang='lat' dir='ltr'>si</span> <span class='ocrx_word' id='word_1_22' title='bbox 493 894 526 957; x_wconf 90' lang='lat' dir='ltr'>in</span> <span class='ocrx_word' id='word_1_23' title='bbox 548 893 596 956; x_wconf 86' lang='lat' dir='ltr'>his</span> <span class='ocrx_word' id='word_1_24' title='bbox 620 892 724 971; x_wconf 90' lang='lat' dir='ltr'>rebus,</span> <span class='ocrx_word' id='word_1_25' title='bbox 749 916 826 978; x_wconf 89' lang='lat' dir='ltr'>quae</span> <span class='ocrx_word' id='word_1_26' title='bbox 857 917 893 958; x_wconf 82' lang='lat' dir='ltr'>ex</span> <span class='ocrx_word' id='word_1_27' title='bbox 916 893 1044 959; x_wconf 89' lang='lat' dir='ltr'>historia</span> <span class='ocrx_word' id='word_1_28' title='bbox 1066 895 1206 983; x_wconf 79' lang='lat' dir='ltr'>redargui</span> 
     </span>
     <span class='ocr_line' id='line_1_5' title="bbox 132 1003 1206 1090; baseline 0.005 -25"><span class='ocrx_word' id='word_1_29' title='bbox 132 1012 273 1086; x_wconf 80' lang='lat' dir='ltr'><strong>possunt,</strong></span> <span class='ocrx_word' id='word_1_30' title='bbox 305 1004 381 1069; x_wconf 78' lang='lat' dir='ltr'>falsa</span> <span class='ocrx_word' id='word_1_31' title='bbox 404 1003 641 1090; x_wconf 73' lang='lat' dir='ltr'>deprehenditur</span> <span class='ocrx_word' id='word_1_32' title='bbox 662 1003 842 1082; x_wconf 73' lang='lat' dir='ltr'>tradidisse,</span> <span class='ocrx_word' id='word_1_33' title='bbox 867 1004 942 1090; x_wconf 88' lang='lat' dir='ltr'>quid</span> <span class='ocrx_word' id='word_1_34' title='bbox 965 1006 1206 1071; x_wconf 81' lang='lat' dir='ltr'>existimabimus</span> 
     </span>
     <span class='ocr_line' id='line_1_6' title="bbox 131 1115 1205 1202; baseline 0.008 -29"><span class='ocrx_word' id='word_1_35' title='bbox 131 1121 277 1178; x_wconf 89' lang='lat' dir='ltr'>oratorem</span> <span class='ocrx_word' id='word_1_36' title='bbox 299 1115 405 1179; x_wconf 87' lang='lat' dir='ltr'>fecisse</span> <span class='ocrx_word' id='word_1_37' title='bbox 421 1116 453 1179; x_wconf 92' lang='lat' dir='ltr'>in</span> <span class='ocrx_word' id='word_1_38' title='bbox 468 1116 586 1202; x_wconf 83' lang='lat' dir='ltr'>privata</span> <span class='ocrx_word' id='word_1_39' title='bbox 601 1116 664 1178; x_wconf 86' lang='lat' dir='ltr'>vita</span> <span class='ocrx_word' id='word_1_40' title='bbox 679 1137 798 1179; x_wconf 88' lang='lat' dir='ltr'>reorum</span> <span class='ocrx_word' id='word_1_41' title='bbox 814 1115 997 1194; x_wconf 89' lang='lat' dir='ltr'>enarranda,</span> <span class='ocrx_word' id='word_1_42' title='bbox 1014 1140 1092 1202; x_wconf 89' lang='lat' dir='ltr'>quae</span> <span class='ocrx_word' id='word_1_43' title='bbox 1107 1117 1205 1181; x_wconf 92' lang='lat' dir='ltr'>multo</span> 
     </span>
     <span class='ocr_line' id='line_1_7' title="bbox 130 1225 1205 1314; baseline 0.005 -26"><span class='ocrx_word' id='word_1_44' title='bbox 130 1226 222 1310; x_wconf 85' lang='lat' dir='ltr'>magis</span> <span class='ocrx_word' id='word_1_45' title='bbox 244 1226 391 1290; x_wconf 83' lang='lat' dir='ltr'>latuerit?</span> <span class='ocrx_word' id='word_1_46' title='bbox 425 1225 484 1290; x_wconf 85' lang='lat' dir='ltr'>Sed</span> <span class='ocrx_word' id='word_1_47' title='bbox 511 1226 599 1291; x_wconf 90' lang='lat' dir='ltr'>nobis</span> <span class='ocrx_word' id='word_1_48' title='bbox 622 1233 708 1291; x_wconf 91' lang='lat' dir='ltr'>tanto</span> <span class='ocrx_word' id='word_1_49' title='bbox 731 1226 889 1290; x_wconf 88' lang='lat' dir='ltr'>intervallo</span> <span class='ocrx_word' id='word_1_50' title='bbox 909 1226 950 1291; x_wconf 63' lang='lat' dir='ltr'>&#39;ab</span> <span class='ocrx_word' id='word_1_51' title='bbox 973 1228 1040 1292; x_wconf 87' lang='lat' dir='ltr'>istis</span> <span class='ocrx_word' id='word_1_52' title='bbox 1063 1230 1205 1314; x_wconf 89' lang='lat' dir='ltr'>tempori-</span> 
     </span>
     <span class='ocr_line' id='line_1_8' title="bbox 129 1335 1205 1427; baseline 0.005 -29"><span class='ocrx_word' id='word_1_53' title='bbox 129 1335 181 1398; x_wconf 90' lang='lat' dir='ltr'>bus</span> <span class='ocrx_word' id='word_1_54' title='bbox 204 1338 352 1423; x_wconf 87' lang='lat' dir='ltr'>separatis</span> <span class='ocrx_word' id='word_1_55' title='bbox 376 1336 531 1402; x_wconf 84' lang='lat' dir='ltr'>difficilius</span> <span class='ocrx_word' id='word_1_56' title='bbox 554 1345 600 1402; x_wconf 86' lang='lat' dir='ltr'>est</span> <span class='ocrx_word' id='word_1_57' title='bbox 623 1339 655 1402; x_wconf 90' lang='lat' dir='ltr'>in</span> <span class='ocrx_word' id='word_1_58' title='bbox 678 1338 735 1402; x_wconf 88' lang='lat' dir='ltr'>hae</span> <span class='ocrx_word' id='word_1_59' title='bbox 757 1361 789 1402; x_wconf 89' lang='lat' dir='ltr'>re</span> <span class='ocrx_word' id='word_1_60' title='bbox 811 1361 916 1403; x_wconf 87' lang='lat' dir='ltr'>verum</span> <span class='ocrx_word' id='word_1_61' title='bbox 938 1340 1116 1427; x_wconf 85' lang='lat' dir='ltr'>perspicere.</span> <span class='ocrx_word' id='word_1_62' title='bbox 1149 1339 1205 1403; x_wconf 81' lang='lat' dir='ltr'>Ta-</span> 
     </span>
     <span class='ocr_line' id='line_1_9' title="bbox 128 1448 1205 1535; baseline 0.003 -25"><span class='ocrx_word' id='word_1_63' title='bbox 128 1470 193 1512; x_wconf 90' lang='lat' dir='ltr'>men</span> <span class='ocrx_word' id='word_1_64' title='bbox 223 1448 274 1513; x_wconf 87' lang='lat' dir='ltr'>hio</span> <span class='ocrx_word' id='word_1_65' title='bbox 306 1471 428 1534; x_wconf 90' lang='lat' dir='ltr'>quoque</span> <span class='ocrx_word' id='word_1_66' title='bbox 451 1449 580 1534; x_wconf 81' lang='lat' dir='ltr'>vestigia</span> <span class='ocrx_word' id='word_1_67' title='bbox 603 1448 753 1534; x_wconf 87' lang='lat' dir='ltr'>quaedam</span> <span class='ocrx_word' id='word_1_68' title='bbox 775 1457 921 1534; x_wconf 75' lang='lat' dir='ltr'>apparent</span> <span class='ocrx_word' id='word_1_69' title='bbox 943 1451 1089 1529; x_wconf 86' lang='lat' dir='ltr'>rationis,</span> <span class='ocrx_word' id='word_1_70' title='bbox 1113 1472 1205 1535; x_wconf 91' lang='lat' dir='ltr'>quam</span> 
     </span>
     <span class='ocr_line' id='line_1_10' title="bbox 128 1560 1206 1641; baseline 0.003 -20"><span class='ocrx_word' id='word_1_71' title='bbox 128 1566 245 1623; x_wconf 90' lang='lat' dir='ltr'>seentus</span> <span class='ocrx_word' id='word_1_72' title='bbox 276 1560 326 1624; x_wconf 90' lang='lat' dir='ltr'>sit.</span> <span class='ocrx_word' id='word_1_73' title='bbox 361 1560 452 1641; x_wconf 77' lang='lat' dir='ltr'>Quod</span> <span class='ocrx_word' id='word_1_74' title='bbox 483 1560 678 1624; x_wconf 80' lang='lat' dir='ltr'>Theomnasti</span> <span class='ocrx_word' id='word_1_75' title='bbox 709 1567 866 1625; x_wconf 82' lang='grc'><strong>3311133131</strong></span> <span class='ocrx_word' id='word_1_76' title='bbox 896 1583 927 1624; x_wconf 88' lang='grc'>31</span> <span class='ocrx_word' id='word_1_77' title='bbox 957 1560 1033 1626; x_wconf 80' lang='lat' dir='ltr'>dicit</span> <span class='ocrx_word' id='word_1_78' title='bbox 1061 1560 1206 1625; x_wconf 83' lang='lat' dir='ltr'>tredecim</span> 
     </span>
     <span class='ocr_line' id='line_1_11' title="bbox 129 1672 1206 1757; baseline 0.005 -26"><span class='ocrx_word' id='word_1_79' title='bbox 129 1690 217 1734; x_wconf 86' lang='lat' dir='ltr'>annos</span> <span class='ocrx_word' id='word_1_80' title='bbox 248 1680 357 1735; x_wconf 85' lang='lat' dir='ltr'>natum</span> <span class='ocrx_word' id='word_1_81' title='bbox 386 1672 493 1751; x_wconf 84' lang='lat' dir='ltr'>fuisse,</span> <span class='ocrx_word' id='word_1_82' title='bbox 525 1694 620 1757; x_wconf 90' lang='lat' dir='ltr'>quum</span> <span class='ocrx_word' id='word_1_83' title='bbox 648 1673 775 1757; x_wconf 81' lang='lat' dir='ltr'>triginta</span> <span class='ocrx_word' id='word_1_84' title='bbox 799 1673 996 1751; x_wconf 81' lang='lat' dir='ltr'>eiicerentur,</span> <span class='ocrx_word' id='word_1_85' title='bbox 1022 1672 1206 1736; x_wconf 81' lang='grc'><strong>1311111111-</strong></span> 
     </span>
     <span class='ocr_line' id='line_1_12' title="bbox 130 1779 1205 1868; baseline 0.003 -24"><span class='ocrx_word' id='word_1_86' title='bbox 130 1779 198 1844; x_wconf 90' lang='lat' dir='ltr'>dum</span> <span class='ocrx_word' id='word_1_87' title='bbox 220 1789 297 1867; x_wconf 90' lang='lat' dir='ltr'>puto</span> <span class='ocrx_word' id='word_1_88' title='bbox 320 1782 370 1864; x_wconf 84' lang='lat' dir='ltr'>(of.</span> <span class='ocrx_word' id='word_1_89' title='bbox 396 1782 434 1846; x_wconf 87' lang='lat' dir='ltr'>ad</span> <span class='ocrx_word' id='word_1_90' title='bbox 459 1786 511 1847; x_wconf 84' lang='lat'>10.</span> <span class='ocrx_word' id='word_1_91' title='bbox 537 1786 600 1868; x_wconf 84' lang='lat'>31).</span> <span class='ocrx_word' id='word_1_92' title='bbox 637 1782 770 1848; x_wconf 90' lang='lat' dir='ltr'>Omnino</span> <span class='ocrx_word' id='word_1_93' title='bbox 793 1806 862 1848; x_wconf 83' lang='lat' dir='ltr'>vere</span> <span class='ocrx_word' id='word_1_94' title='bbox 881 1782 959 1846; x_wconf 81' lang='lat' dir='ltr'>dixit</span> <span class='ocrx_word' id='word_1_95' title='bbox 985 1783 1151 1868; x_wconf 87' lang='lat' dir='ltr'>Dionysius</span> <span class='ocrx_word' id='word_1_96' title='bbox 1167 1783 1205 1847; x_wconf 88' lang='lat' dir='ltr'>de</span> 
     </span>
     <span class='ocr_line' id='line_1_13' title="bbox 129 1888 1206 1977; baseline 0.006 -24"><span class='ocrx_word' id='word_1_97' title='bbox 129 1888 215 1975; x_wconf 84' lang='lat' dir='ltr'>Lysia</span> <span class='ocrx_word' id='word_1_98' title='bbox 246 1895 301 1956; x_wconf 84' lang='lat'>18:</span> <span class='ocrx_word' id='word_1_99' title='bbox 333 1892 400 1975; x_wconf 73' lang='grc' dir='ltr'>ὅπερ</span> <span class='ocrx_word' id='word_1_100' title='bbox 428 1895 575 1977; x_wconf 75' lang='grc' dir='ltr'><strong><em>Ὅμηρος,</em></strong></span> <span class='ocrx_word' id='word_1_101' title='bbox 608 1897 729 1960; x_wconf 71' lang='grc' dir='ltr'>ἐπαινῶν</span> <span class='ocrx_word' id='word_1_102' title='bbox 758 1895 807 1961; x_wconf 79' lang='grc' dir='ltr'>τὸν</span> <span class='ocrx_word' id='word_1_103' title='bbox 837 1894 997 1971; x_wconf 76' lang='grc' dir='ltr'><strong><em>Ὀδυσσέοι,</em></strong></span> <span class='ocrx_word' id='word_1_104' title='bbox 1024 1899 1060 1968; x_wconf 77' lang='grc' dir='ltr'>ὡς</span> <span class='ocrx_word' id='word_1_105' title='bbox 1090 1898 1206 1963; x_wconf 73' lang='grc' dir='ltr'>πιθανὸν</span> 
     </span>
     <span class='ocr_line' id='line_1_14' title="bbox 131 2003 1208 2090; baseline 0.006 -25"><span class='ocrx_word' id='word_1_106' title='bbox 131 2003 213 2069; x_wconf 76' lang='grc' dir='ltr'><em>εἰπεῖν</em></span> <span class='ocrx_word' id='word_1_107' title='bbox 240 2004 290 2069; x_wconf 75' lang='lat' dir='ltr'>usi</span> <span class='ocrx_word' id='word_1_108' title='bbox 325 2006 493 2071; x_wconf 74' lang='grc'><strong>1131333131</strong></span> <span class='ocrx_word' id='word_1_109' title='bbox 516 2006 556 2071; x_wconf 75' lang='grc' dir='ltr'>τοὶ</span> <span class='ocrx_word' id='word_1_110' title='bbox 578 2007 620 2083; x_wconf 69' lang='grc' dir='ltr'>μὴ</span> <span class='ocrx_word' id='word_1_111' title='bbox 643 2006 816 2085; x_wconf 74' lang='grc' dir='ltr'>γενόμενοιἸ</span> <span class='ocrx_word' id='word_1_112' title='bbox 829 2006 936 2090; x_wconf 76' lang='grc' dir='ltr'><strong><em>εἴρηκε,</em></strong></span> <span class='ocrx_word' id='word_1_113' title='bbox 956 2008 1042 2073; x_wconf 77' lang='grc' dir='ltr'><strong><em>τοῦτο’</em></strong></span> <span class='ocrx_word' id='word_1_114' title='bbox 1064 2032 1111 2085; x_wconf 73' lang='grc' dir='ltr'>μοι</span> <span class='ocrx_word' id='word_1_115' title='bbox 1131 2009 1208 2073; x_wconf 75' lang='grc' dir='ltr'><strong><em>δοκεῖ</em></strong></span> 
     </span>
     <span class='ocr_line' id='line_1_15' title="bbox 112 2111 1118 2188; baseline 0.007 -13"><span class='ocrx_word' id='word_1_116' title='bbox 112 2111 179 2176; x_wconf 68' lang='grc' dir='ltr'>’κᾶν</span> <span class='ocrx_word' id='word_1_117' title='bbox 201 2116 248 2180; x_wconf 78' lang='grc' dir='ltr'>ἐπὶ</span> <span class='ocrx_word' id='word_1_118' title='bbox 272 2116 381 2181; x_wconf 77' lang='grc' dir='ltr'><em>Λυσίου</em></span> <span class='ocrx_word' id='word_1_119' title='bbox 403 2141 446 2188; x_wconf 80' lang='grc' dir='ltr'>τος</span> <span class='ocrx_word' id='word_1_120' title='bbox 470 2119 568 2182; x_wconf 73' lang='grc' dir='ltr'>εἰπεῖν·</span> <span class='ocrx_word' id='word_1_121' title='bbox 1116 2113 1118 2118; x_wconf 58' lang='grc'><strong>’</strong></span> 
     </span>
    </p>
   </div>
   <div class='ocr_carea' id='block_1_3' title="bbox 167 2225 907 2307">
    <p class='ocr_par' dir='ltr' id='par_1_3' title="bbox 167 2225 907 2307">
     <span class='ocr_line' id='line_1_16' title="bbox 167 2225 907 2307; baseline 0.008 -18"><span class='ocrx_word' id='word_1_122' title='bbox 167 2225 247 2290; x_wconf 84' lang='grc' dir='ltr'>Ἴσκε</span> <span class='ocrx_word' id='word_1_123' title='bbox 270 2227 381 2307; x_wconf 71' lang='grc' dir='ltr'><em>ψεύδεα</em></span> <span class='ocrx_word' id='word_1_124' title='bbox 405 2228 504 2293; x_wconf 72' lang='grc' dir='ltr'><strong><em>πολλοὶ</em></strong></span> <span class='ocrx_word' id='word_1_125' title='bbox 528 2229 624 2304; x_wconf 74' lang='grc' dir='ltr'><em>λέγων</em></span> <span class='ocrx_word' id='word_1_126' title='bbox 646 2227 789 2305; x_wconf 72' lang='grc' dir='ltr'><strong><em>ἐτύμοισιν</em></strong></span> <span class='ocrx_word' id='word_1_127' title='bbox 812 2230 907 2306; x_wconf 75' lang='grc' dir='ltr'><strong><em>ὁμοῖοι.</em></strong></span> 
     </span>
    </p>
   </div>
   <div class='ocr_carea' id='block_1_4' title="bbox 500 2449 829 2531">
    <p class='ocr_par' dir='ltr' id='par_1_4' title="bbox 500 2449 829 2531">
     <span class='ocr_line' id='line_1_17' title="bbox 500 2449 829 2531; baseline -0.003 -18"><span class='ocrx_word' id='word_1_128' title='bbox 500 2450 546 2513; x_wconf 84' lang='lat' dir='ltr'>De</span> <span class='ocrx_word' id='word_1_129' title='bbox 569 2449 829 2531; x_wconf 67' lang='lat' dir='ltr'>Arpumentatione.</span> 
     </span>
    </p>
   </div>
   <div class='ocr_carea' id='block_1_5' title="bbox 133 2666 1207 4539">
    <p class='ocr_par' dir='ltr' id='par_1_5' title="bbox 133 2666 1207 3650">
     <span class='ocr_line' id='line_1_18' title="bbox 172 2666 1207 2754; baseline 0.006 -23"><span class='ocrx_word' id='word_1_130' title='bbox 172 2666 242 2733; x_wconf 89' lang='lat' dir='ltr'>Non</span> <span class='ocrx_word' id='word_1_131' title='bbox 266 2669 433 2754; x_wconf 85' lang='lat' dir='ltr'>exspectari</span> <span class='ocrx_word' id='word_1_132' title='bbox 456 2677 557 2752; x_wconf 88' lang='lat' dir='ltr'>potest</span> <span class='ocrx_word' id='word_1_133' title='bbox 580 2668 617 2733; x_wconf 88' lang='lat' dir='ltr'>ab</span> <span class='ocrx_word' id='word_1_134' title='bbox 640 2669 704 2732; x_wconf 89' lang='lat' dir='ltr'>ullo</span> <span class='ocrx_word' id='word_1_135' title='bbox 728 2675 861 2746; x_wconf 89' lang='lat' dir='ltr'>oratore,</span> <span class='ocrx_word' id='word_1_136' title='bbox 886 2676 922 2733; x_wconf 94' lang='lat' dir='ltr'>ut</span> <span class='ocrx_word' id='word_1_137' title='bbox 944 2691 1021 2753; x_wconf 88' lang='lat' dir='ltr'>quae</span> <span class='ocrx_word' id='word_1_138' title='bbox 1044 2671 1207 2737; x_wconf 76' lang='grc'><strong>311113131-</strong></span> 
     </span>
     <span class='ocr_line' id='line_1_19' title="bbox 134 2779 1206 2864; baseline 0.005 -21"><span class='ocrx_word' id='word_1_139' title='bbox 134 2788 271 2857; x_wconf 81' lang='lat' dir='ltr'>gumenta</span> <span class='ocrx_word' id='word_1_140' title='bbox 302 2779 465 2843; x_wconf 87' lang='lat' dir='ltr'>lectoribus</span> <span class='ocrx_word' id='word_1_141' title='bbox 496 2780 663 2864; x_wconf 90' lang='lat' dir='ltr'>probentur</span> <span class='ocrx_word' id='word_1_142' title='bbox 693 2780 811 2858; x_wconf 79' lang='lat' dir='ltr'>omnia3</span> <span class='ocrx_word' id='word_1_143' title='bbox 842 2788 915 2844; x_wconf 89' lang='lat' dir='ltr'>sunt</span> <span class='ocrx_word' id='word_1_144' title='bbox 946 2781 979 2845; x_wconf 91' lang='lat' dir='ltr'>in</span> <span class='ocrx_word' id='word_1_145' title='bbox 1009 2784 1092 2847; x_wconf 92' lang='lat' dir='ltr'>omni</span> <span class='ocrx_word' id='word_1_146' title='bbox 1115 2805 1206 2848; x_wconf 88' lang='lat' dir='ltr'>eausa</span> 
     </span>
     <span class='ocr_line' id='line_1_20' title="bbox 133 2874 1206 2978; baseline 0.006 -26"><span class='ocrx_word' id='word_1_147' title='bbox 133 2887 237 2970; x_wconf 89' lang='lat' dir='ltr'>dubia,</span> <span class='ocrx_word' id='word_1_148' title='bbox 262 2892 301 2956; x_wconf 92' lang='lat' dir='ltr'>ad</span> <span class='ocrx_word' id='word_1_149' title='bbox 324 2914 401 2976; x_wconf 90' lang='lat' dir='ltr'>quae</span> <span class='ocrx_word' id='word_1_150' title='bbox 424 2892 604 2956; x_wconf 86' lang='lat' dir='ltr'>removenda</span> <span class='ocrx_word' id='word_1_151' title='bbox 627 2874 817 2957; x_wconf 84' lang='lat' dir='ltr'>auditoribus</span> <span class='ocrx_word' id='word_1_152' title='bbox 840 2893 873 2956; x_wconf 91' lang='lat' dir='ltr'>in</span> <span class='ocrx_word' id='word_1_153' title='bbox 896 2891 985 2957; x_wconf 86' lang='lat' dir='ltr'>breve</span> <span class='ocrx_word' id='word_1_154' title='bbox 1007 2900 1128 2978; x_wconf 90' lang='lat' dir='ltr'>tempus</span> <span class='ocrx_word' id='word_1_155' title='bbox 1151 2896 1206 2958; x_wconf 91' lang='lat' dir='ltr'>im-</span> 
     </span>
     <span class='ocr_line' id='line_1_21' title="bbox 133 3003 1205 3089; baseline 0.007 -26"><span class='ocrx_word' id='word_1_156' title='bbox 133 3003 201 3082; x_wconf 91' lang='lat' dir='ltr'>poni</span> <span class='ocrx_word' id='word_1_157' title='bbox 229 3013 347 3089; x_wconf 89' lang='lat' dir='ltr'>potest,</span> <span class='ocrx_word' id='word_1_158' title='bbox 377 3005 434 3068; x_wconf 90' lang='lat' dir='ltr'>etsi</span> <span class='ocrx_word' id='word_1_159' title='bbox 463 3011 640 3088; x_wconf 87' lang='lat' dir='ltr'>argumenta</span> <span class='ocrx_word' id='word_1_160' title='bbox 663 3004 841 3089; x_wconf 82' lang='lat' dir='ltr'>diligentius</span> <span class='ocrx_word' id='word_1_161' title='bbox 866 3003 1020 3089; x_wconf 86' lang='lat' dir='ltr'>explorata</span> <span class='ocrx_word' id='word_1_162' title='bbox 1042 3005 1205 3070; x_wconf 83' lang='lat' dir='ltr'>lectoribus</span> 
     </span>
     <span class='ocr_line' id='line_1_22' title="bbox 134 3114 1204 3199; baseline 0.007 -26"><span class='ocrx_word' id='word_1_163' title='bbox 134 3132 188 3175; x_wconf 90' lang='lat' dir='ltr'>non</span> <span class='ocrx_word' id='word_1_164' title='bbox 219 3115 434 3180; x_wconf 84' lang='lat' dir='ltr'>satisfacerent.</span> <span class='ocrx_word' id='word_1_165' title='bbox 480 3114 521 3179; x_wconf 81' lang='lat' dir='ltr'>Et</span> <span class='ocrx_word' id='word_1_166' title='bbox 550 3137 589 3179; x_wconf 91' lang='lat' dir='ltr'>ne</span> <span class='ocrx_word' id='word_1_167' title='bbox 620 3114 746 3179; x_wconf 88' lang='lat' dir='ltr'>atenni</span> <span class='ocrx_word' id='word_1_168' title='bbox 778 3114 901 3197; x_wconf 89' lang='lat' dir='ltr'>quidem</span> <span class='ocrx_word' id='word_1_169' title='bbox 924 3137 1032 3199; x_wconf 84' lang='lat' dir='ltr'>genere</span> <span class='ocrx_word' id='word_1_170' title='bbox 1055 3117 1204 3181; x_wconf 85' lang='lat' dir='ltr'>calliditas</span> 
     </span>
     <span class='ocr_line' id='line_1_23' title="bbox 135 3219 1206 3310; baseline 0.008 -27"><span class='ocrx_word' id='word_1_171' title='bbox 135 3219 354 3290; x_wconf 88' lang='lat' dir='ltr'>demonstrandi</span> <span class='ocrx_word' id='word_1_172' title='bbox 377 3225 479 3303; x_wconf 88' lang='lat' dir='ltr'>abest,</span> <span class='ocrx_word' id='word_1_173' title='bbox 503 3225 594 3289; x_wconf 90' lang='lat' dir='ltr'>modo</span> <span class='ocrx_word' id='word_1_174' title='bbox 618 3248 656 3289; x_wconf 91' lang='lat' dir='ltr'>ne</span> <span class='ocrx_word' id='word_1_175' title='bbox 677 3224 817 3289; x_wconf 89' lang='lat' dir='ltr'>ostendat</span> <span class='ocrx_word' id='word_1_176' title='bbox 835 3233 865 3288; x_wconf 91' lang='lat' dir='ltr'>et</span> <span class='ocrx_word' id='word_1_177' title='bbox 880 3247 951 3310; x_wconf 91' lang='lat' dir='ltr'>prae</span> <span class='ocrx_word' id='word_1_178' title='bbox 967 3248 998 3289; x_wconf 92' lang='lat' dir='ltr'>se</span> <span class='ocrx_word' id='word_1_179' title='bbox 1013 3225 1090 3290; x_wconf 84' lang='lat' dir='ltr'>ferat</span> <span class='ocrx_word' id='word_1_180' title='bbox 1105 3235 1206 3292; x_wconf 91' lang='lat' dir='ltr'>orator</span> 
     </span>
     <span class='ocr_line' id='line_1_24' title="bbox 136 3335 1206 3420; baseline 0.007 -26"><span class='ocrx_word' id='word_1_181' title='bbox 136 3335 288 3403; x_wconf 86' lang='lat' dir='ltr'>artificium</span> <span class='ocrx_word' id='word_1_182' title='bbox 311 3346 342 3403; x_wconf 93' lang='lat' dir='ltr'>et</span> <span class='ocrx_word' id='word_1_183' title='bbox 365 3348 519 3403; x_wconf 90' lang='lat' dir='ltr'>versutum</span> <span class='ocrx_word' id='word_1_184' title='bbox 543 3338 696 3415; x_wconf 87' lang='lat' dir='ltr'>animum,</span> <span class='ocrx_word' id='word_1_185' title='bbox 720 3336 773 3401; x_wconf 91' lang='lat' dir='ltr'>sed</span> <span class='ocrx_word' id='word_1_186' title='bbox 796 3336 956 3401; x_wconf 89' lang='lat' dir='ltr'>videantur</span> <span class='ocrx_word' id='word_1_187' title='bbox 971 3359 1048 3420; x_wconf 90' lang='lat' dir='ltr'>quae</span> <span class='ocrx_word' id='word_1_188' title='bbox 1064 3339 1149 3402; x_wconf 86' lang='lat' dir='ltr'>affert</span> <span class='ocrx_word' id='word_1_189' title='bbox 1164 3339 1206 3402; x_wconf 86' lang='lat' dir='ltr'>f-</span> 
     </span>
     <span class='ocr_line' id='line_1_25' title="bbox 137 3445 1207 3534; baseline 0.004 -23"><span class='ocrx_word' id='word_1_190' title='bbox 137 3445 187 3511; x_wconf 81' lang='lat' dir='ltr'>oile</span> <span class='ocrx_word' id='word_1_191' title='bbox 217 3474 247 3515; x_wconf 90' lang='lat' dir='ltr'>se</span> <span class='ocrx_word' id='word_1_192' title='bbox 277 3451 332 3515; x_wconf 90' lang='lat' dir='ltr'>uni</span> <span class='ocrx_word' id='word_1_193' title='bbox 363 3472 400 3514; x_wconf 82' lang='lat' dir='ltr'>ex</span> <span class='ocrx_word' id='word_1_194' title='bbox 429 3448 534 3512; x_wconf 88' lang='lat' dir='ltr'>multis</span> <span class='ocrx_word' id='word_1_195' title='bbox 557 3448 662 3512; x_wconf 89' lang='lat' dir='ltr'>offerre</span> <span class='ocrx_word' id='word_1_196' title='bbox 684 3470 782 3533; x_wconf 84' lang='lat' dir='ltr'>posse.</span> <span class='ocrx_word' id='word_1_197' title='bbox 807 3447 900 3513; x_wconf 70' lang='lat' dir='ltr'>‘Nou</span> <span class='ocrx_word' id='word_1_198' title='bbox 923 3472 1039 3534; x_wconf 88' lang='lat' dir='ltr'>semper</span> <span class='ocrx_word' id='word_1_199' title='bbox 1061 3452 1207 3515; x_wconf 84' lang='lat' dir='ltr'>suecessit</span> 
     </span>
     <span class='ocr_line' id='line_1_26' title="bbox 137 3552 800 3650; baseline 0.011 -33"><span class='ocrx_word' id='word_1_200' title='bbox 137 3552 253 3641; x_wconf 84' lang='lat' dir='ltr'>Lysiae,</span> <span class='ocrx_word' id='word_1_201' title='bbox 277 3569 313 3626; x_wconf 90' lang='lat' dir='ltr'>ut</span> <span class='ocrx_word' id='word_1_202' title='bbox 335 3560 408 3625; x_wconf 90' lang='lat' dir='ltr'>huie</span> <span class='ocrx_word' id='word_1_203' title='bbox 430 3559 588 3650; x_wconf 31' lang='lat' dir='ltr'>postulato·</span> <span class='ocrx_word' id='word_1_204' title='bbox 608 3560 800 3624; x_wconf 80' lang='lat' dir='ltr'>satisfaceret.</span> 
     </span>
    </p>

    <p class='ocr_par' dir='ltr' id='par_1_6' title="bbox 138 3668 1205 4539">
     <span class='ocr_line' id='line_1_27' title="bbox 175 3668 1205 3761; baseline 0.004 -28"><span class='ocrx_word' id='word_1_205' title='bbox 175 3668 275 3738; x_wconf 89' lang='lat' dir='ltr'>Iustae</span> <span class='ocrx_word' id='word_1_206' title='bbox 306 3680 397 3757; x_wconf 90' lang='lat' dir='ltr'>atque</span> <span class='ocrx_word' id='word_1_207' title='bbox 427 3693 570 3736; x_wconf 89' lang='lat' dir='ltr'>nervosae</span> <span class='ocrx_word' id='word_1_208' title='bbox 598 3670 865 3736; x_wconf 88' lang='lat' dir='ltr'>demonstrationis</span> <span class='ocrx_word' id='word_1_209' title='bbox 903 3673 1039 3758; x_wconf 81' lang='lat' dir='ltr'>exempla</span> <span class='ocrx_word' id='word_1_210' title='bbox 1074 3674 1124 3761; x_wconf 83' lang='lat' dir='ltr'>hie</span> <span class='ocrx_word' id='word_1_211' title='bbox 1155 3694 1205 3738; x_wconf 90' lang='lat' dir='ltr'>eu·</span> 
     </span>
     <span class='ocr_line' id='line_1_28' title="bbox 138 3780 1202 3864; baseline 0.008 -24"><span class='ocrx_word' id='word_1_212' title='bbox 138 3780 242 3848; x_wconf 77' lang='lat' dir='ltr'>mutare</span> <span class='ocrx_word' id='word_1_213' title='bbox 264 3785 343 3848; x_wconf 91' lang='lat' dir='ltr'>nihil</span> <span class='ocrx_word' id='word_1_214' title='bbox 367 3784 477 3849; x_wconf 86' lang='lat' dir='ltr'>attinet</span> <span class='ocrx_word' id='word_1_215' title='bbox 483 3809 493 3860; x_wconf 89' lang='lat'>;</span> <span class='ocrx_word' id='word_1_216' title='bbox 517 3790 638 3847; x_wconf 89' lang='lat' dir='ltr'>tantum</span> <span class='ocrx_word' id='word_1_217' title='bbox 660 3806 698 3847; x_wconf 91' lang='lat' dir='ltr'>ne</span> <span class='ocrx_word' id='word_1_218' title='bbox 721 3783 824 3860; x_wconf 87' lang='lat' dir='ltr'>videar</span> <span class='ocrx_word' id='word_1_219' title='bbox 845 3783 954 3847; x_wconf 90' lang='lat' dir='ltr'>menda</span> <span class='ocrx_word' id='word_1_220' title='bbox 977 3784 1084 3848; x_wconf 86' lang='lat' dir='ltr'>sectari</span> <span class='ocrx_word' id='word_1_221' title='bbox 1107 3785 1202 3864; x_wconf 86' lang='lat' dir='ltr'>velle,</span> 
     </span>
     <span class='ocr_line' id='line_1_29' title="bbox 138 3894 1204 3981; baseline 0.011 -31"><span class='ocrx_word' id='word_1_222' title='bbox 138 3908 288 3968; x_wconf 81' lang='lat' dir='ltr'>provocare</span> <span class='ocrx_word' id='word_1_223' title='bbox 310 3897 400 3960; x_wconf 86' lang='lat' dir='ltr'>liceat</span> <span class='ocrx_word' id='word_1_224' title='bbox 423 3895 461 3959; x_wconf 89' lang='lat' dir='ltr'>ad</span> <span class='ocrx_word' id='word_1_225' title='bbox 485 3895 653 3959; x_wconf 89' lang='lat' dir='ltr'>orationem</span> <span class='ocrx_word' id='word_1_226' title='bbox 674 3895 706 3958; x_wconf 90' lang='lat' dir='ltr'>in</span> <span class='ocrx_word' id='word_1_227' title='bbox 730 3894 961 3960; x_wconf 79' lang='lat' dir='ltr'>Eratosthenem</span> <span class='ocrx_word' id='word_1_228' title='bbox 984 3899 1051 3981; x_wconf 75' lang='lat'>(12)</span> <span class='ocrx_word' id='word_1_229' title='bbox 1074 3899 1091 3981; x_wconf 74' lang='grc'>3</span> <span class='ocrx_word' id='word_1_230' title='bbox 1114 3899 1155 3959; x_wconf 73' lang='grc'>26</span> <span class='ocrx_word' id='word_1_231' title='bbox 1173 3904 1204 3962; x_wconf 89' lang='grc'>11</span> 
     </span>
     <span class='ocr_line' id='line_1_30' title="bbox 139 3999 1204 4093; baseline 0.004 -23"><span class='ocrx_word' id='word_1_232' title='bbox 139 3999 191 4078; x_wconf 77' lang='lat'>34,</span> <span class='ocrx_word' id='word_1_233' title='bbox 219 4008 256 4071; x_wconf 89' lang='lat' dir='ltr'>ad</span> <span class='ocrx_word' id='word_1_234' title='bbox 287 4008 537 4073; x_wconf 81' lang='lat' dir='ltr'>Theomnestoam</span> <span class='ocrx_word' id='word_1_235' title='bbox 559 4008 706 4092; x_wconf 85' lang='lat' dir='ltr'>priorem,</span> <span class='ocrx_word' id='word_1_236' title='bbox 731 4008 797 4091; x_wconf 81' lang='lat'>(10)</span> <span class='ocrx_word' id='word_1_237' title='bbox 820 4009 836 4092; x_wconf 78' lang='grc'>3</span> <span class='ocrx_word' id='word_1_238' title='bbox 860 4010 898 4087; x_wconf 84' lang='lat'>6&#39;,</span> <span class='ocrx_word' id='word_1_239' title='bbox 923 4030 1007 4093; x_wconf 89' lang='lat' dir='ltr'>sqq.,</span> <span class='ocrx_word' id='word_1_240' title='bbox 1033 4007 1071 4071; x_wconf 92' lang='lat' dir='ltr'>ad</span> <span class='ocrx_word' id='word_1_241' title='bbox 1095 4010 1204 4074; x_wconf 91' lang='lat' dir='ltr'>oratio·</span> 
     </span>
     <span class='ocr_line' id='line_1_31' title="bbox 139 4117 1205 4202; baseline 0.007 -24"><span class='ocrx_word' id='word_1_242' title='bbox 139 4130 200 4178; x_wconf 81' lang='lat' dir='ltr'>nem</span> <span class='ocrx_word' id='word_1_243' title='bbox 228 4120 264 4184; x_wconf 91' lang='lat' dir='ltr'>de</span> <span class='ocrx_word' id='word_1_244' title='bbox 294 4119 384 4184; x_wconf 81' lang='lat' dir='ltr'>caede</span> <span class='ocrx_word' id='word_1_245' title='bbox 412 4117 622 4182; x_wconf 79' lang='lat' dir='ltr'>Eratosthenis</span> <span class='ocrx_word' id='word_1_246' title='bbox 646 4119 690 4201; x_wconf 87' lang='lat'>(1)</span> <span class='ocrx_word' id='word_1_247' title='bbox 712 4119 729 4202; x_wconf 69' lang='grc'>1</span> <span class='ocrx_word' id='word_1_248' title='bbox 751 4119 900 4196; x_wconf 79' lang='lat'>39-42,</span> <span class='ocrx_word' id='word_1_249' title='bbox 925 4127 1029 4183; x_wconf 88' lang='lat' dir='ltr'>eontra</span> <span class='ocrx_word' id='word_1_250' title='bbox 1050 4118 1205 4185; x_wconf 86' lang='lat' dir='ltr'>Simonem</span> 
     </span>
     <span class='ocr_line' id='line_1_32' title="bbox 140 4221 1201 4318; baseline 0.005 -26"><span class='ocrx_word' id='word_1_251' title='bbox 140 4221 392 4314; x_wconf 70' lang='grc'><strong>(31118-33,</strong></span> <span class='ocrx_word' id='word_1_252' title='bbox 416 4231 506 4308; x_wconf 74' lang='grc' dir='ltr'><strong><em>δήμου</em></strong></span> <span class='ocrx_word' id='word_1_253' title='bbox 536 4229 726 4302; x_wconf 68' lang='lat' dir='ltr'>assentasse</span> <span class='ocrx_word' id='word_1_254' title='bbox 749 4231 913 4307; x_wconf 72' lang='grc' dir='ltr'><strong><em>οὶπολογίοον</em></strong></span> <span class='ocrx_word' id='word_1_255' title='bbox 936 4232 1018 4315; x_wconf 73' lang='grc'><strong>(15),</strong></span> <span class='ocrx_word' id='word_1_256' title='bbox 1042 4233 1059 4315; x_wconf 66' lang='lat' dir='ltr'>p</span> <span class='ocrx_word' id='word_1_257' title='bbox 1082 4234 1111 4309; x_wconf 84' lang='lat'>8,</span> <span class='ocrx_word' id='word_1_258' title='bbox 1135 4255 1201 4318; x_wconf 86' lang='lat' dir='ltr'>sqq.</span> 
     </span>
     <span class='ocr_line' id='line_1_33' title="bbox 142 4330 1204 4429; baseline 0.008 -29"><span class='ocrx_word' id='word_1_259' title='bbox 142 4330 192 4400; x_wconf 74' lang='lat' dir='ltr'>Sed</span> <span class='ocrx_word' id='word_1_260' title='bbox 213 4341 387 4429; x_wconf 86' lang='lat' dir='ltr'>diligentius</span> <span class='ocrx_word' id='word_1_261' title='bbox 411 4341 628 4406; x_wconf 89' lang='lat' dir='ltr'>attendendum</span> <span class='ocrx_word' id='word_1_262' title='bbox 651 4349 696 4405; x_wconf 90' lang='lat' dir='ltr'>est</span> <span class='ocrx_word' id='word_1_263' title='bbox 719 4341 756 4405; x_wconf 86' lang='lat' dir='ltr'>ad</span> <span class='ocrx_word' id='word_1_264' title='bbox 781 4364 816 4405; x_wconf 92' lang='grc'>13</span> <span class='ocrx_word' id='word_1_265' title='bbox 838 4364 916 4426; x_wconf 89' lang='grc'><strong>3331</strong></span> <span class='ocrx_word' id='word_1_266' title='bbox 937 4343 1093 4428; x_wconf 87' lang='lat' dir='ltr'>proprium</span> <span class='ocrx_word' id='word_1_267' title='bbox 1109 4344 1204 4428; x_wconf 90' lang='lat' dir='ltr'>quod·</span> 
     </span>
     <span class='ocr_line' id='line_1_34' title="bbox 142 4439 1202 4539; baseline 0.007 -27"><span class='ocrx_word' id='word_1_268' title='bbox 142 4439 202 4512; x_wconf 77' lang='lat' dir='ltr'>dam</span> <span class='ocrx_word' id='word_1_269' title='bbox 227 4453 452 4520; x_wconf 88' lang='lat' dir='ltr'>demonstrandi</span> <span class='ocrx_word' id='word_1_270' title='bbox 475 4451 635 4516; x_wconf 82' lang='lat' dir='ltr'>artificium</span> <span class='ocrx_word' id='word_1_271' title='bbox 657 4452 786 4530; x_wconf 88' lang='lat' dir='ltr'>habent,</span> <span class='ocrx_word' id='word_1_272' title='bbox 811 4459 846 4516; x_wconf 93' lang='lat' dir='ltr'>ut</span> <span class='ocrx_word' id='word_1_273' title='bbox 868 4461 1028 4539; x_wconf 87' lang='lat' dir='ltr'>appareat,</span> <span class='ocrx_word' id='word_1_274' title='bbox 1053 4462 1202 4538; x_wconf 89' lang='lat' dir='ltr'>quatenus</span> 
     </span>
    </p>
   </div>
   <div class='ocr_carea' id='block_1_6' title="bbox 0 0 1519 5240">
    <p class='ocr_par' dir='ltr' id='par_1_7' title="bbox 0 0 1519 5240">
     <span class='ocr_line' id='line_1_35' title="bbox 0 0 1519 5240; baseline 0 0"><span class='ocrx_word' id='word_1_275' title='bbox 0 0 1519 5240; x_wconf 95' lang='lat' dir='ltr'> </span> 
     </span>
    </p>
   </div>
  </div>
 </body>
</html>
