3002 5240
650 468 690 528 43

129 665 214 728 illum
245 665 317 729 faeit
343 688 435 749 qnam
466 663 536 728 me”
567 664 665 728 aliena
690 670 785 740 esset;
810 669 963 747 praeterea
986 659 1078 723 verbo
1099 659 1141 722 ita
1166 679 1212 721 se·

130 783 212 861 cepta
234 777 316 840 idom
340 777 401 841 lere
425 776 619 840 continerent
639 783 732 860 atque
754 773 808 837 illa
831 795 908 856 quae
928 771 988 835 sub
1001 771 1090 834 finem
1107 770 1211 854 legun·

129 894 191 950 tur:
224 886 321 967 ὅμως,
344 914 372 953 κ.
397 914 425 955 τ.
450 889 488 967 b,
513 896 549 951 ut
578 888 677 951 iustus
701 909 797 950 nexus
821 884 1038 949 sententiarum
1062 880 1210 945 desidera—

129 1008 216 1062 retur.
266 1000 424 1065 Sententia
457 1001 562 1085 potius
595 1006 660 1064 est:
692 998 767 1076 „sed
799 1020 868 1062 oum
900 1017 966 1060 meo
997 993 1131 1079 periculo
1161 1014 1209 1056 res

127 1109 227 1172 iuncto
252 1111 393 1175 fuisset.”
428 1110 521 1190 Quod
544 1111 570 1174 si
593 1110 669 1174 mihi
689 1109 796 1185 datur,
814 1128 1001 1192 consequens
1016 1111 1079 1182 est,
1098 1110 1134 1166 ut
1148 1126 1213 1167 non·

127 1216 216 1283 ἴονισον
249 1221 305 1285 sed
334 1224 385 1286 οὐκ
415 1221 472 1286 ἴσον
504 1222 670 1299 scribatur,
704 1229 739 1284 ot
768 1219 826 1285 ἴσον
857 1227 887 1282 et
916 1215 1129 1282 ἀπεκινδύνευον
1158 1237 1210 1298 per

127 1330 205 1396 ἄλλοι
229 1341 314 1396 reete
336 1340 532 1418 opponantur
553 1333 634 1397 inter
657 1355 698 1396 se.
737 1331 847 1417 ltaque
870 1330 938 1414 lego
963 1336 993 1391 et
1008 1327 1208 1410 interpretor:

127 1441 215 1506 κοίτοι
239 1442 339 1521 ἔγωγ’.
356 1446 405 1509 οὐκ
429 1443 465 1509 ἂν
487 1444 547 1509 ἴσον
561 1440 640 1524 εἶχον
654 1444 893 1524 βοοοινιοθείσιις,
910 1442 980 1505 ἀλλ’
995 1438 1209 1504 ἀπεκινδύνευον

127 1556 220 1626 τοῦτο,
248 1576 460 1638 „quamquam
484 1577 540 1639 ego
563 1577 625 1618 non
650 1554 754 1618 eadem
776 1553 955 1617 condicione
977 1551 1103 1614 fuissem
1126 1551 1207 1632 (eum

128 1660 307 1748 adversario)
338 1665 364 1728 si
394 1664 447 1728 illa
477 1665 585 1729 diisset
606 1665 715 1729 tortori
737 1664 865 1741 tradita,
891 1663 944 1727 sed
967 1663 1025 1726 hoe
1048 1684 1117 1726 oum
1140 1682 1207 1724 meo

128 1772 259 1855 perieulo
283 1774 423 1838 iunctum
450 1775 589 1839 luisset.”
628 1774 704 1839 Oum
727 1773 821 1840 ἄνισον
844 1774 1009 1838 exstitisset
1032 1796 1070 1836 en
1083 1770 1119 1837 dv
1134 1770 1206 1849 loos,

128 1883 232 1949 omissa
265 1891 313 1947 est
343 1884 464 1968 negatio
496 1906 574 1968 quse
605 1886 703 1951 aliona
732 1885 901 1950 videbatur.
948 1886 1048 1950 Κοιίτιιι
1079 1882 1208 1946 debetur

128 1990 244 2077 iigenio
277 1996 334 2058 viri
358 1995 439 2060 docti
464 1997 517 2080 qui
539 1996 781 2063 Laurentianum
805 2019 873 2062 eum
896 1997 1002 2061 multis
1025 1993 1208 2060 eonieoturis

129 2110 155 2166 et
181 2082 413 2171 mutationibus
442 2130 479 2172 ex
513 2108 653 2172 Palatino
689 2108 850 2193 descripsit
855 2135 875 2188 3,
896 2131 965 2172 nam
995 2108 1209 2171 auctoritatem·

127 2214 201 2281 illius
225 2217 299 2283 libri
321 2218 440 2283 nullam
464 2242 528 2284 esse
550 2219 668 2305 liquido
692 2221 908 2285 demonstravit
928 2219 1080 2304 Sauppins
1096 2220 1131 2285 in
1145 2218 1206 2301 epi-

130 2327 199 2391 stole
221 2330 329 2394 oritioa
353 2331 391 2394 ad
415 2329 494 2395 God.
519 2331 740 2396 Hermannum.

165 2437 249 2505 Haeo
281 2443 386 2506 omnia
416 2465 494 2528 quae
517 2443 625 2521 attuli,
651 2445 705 2528 qui
727 2444 916 2529 reputaverit
935 2442 1064 2507 inveniri
1087 2442 1119 2504 in
1143 2462 1208 2503 ora-

131 2546 220 2628 tione,
253 2576 333 2639 quae
363 2555 407 2638 (in
430 2554 564 2620 Scheibii
586 2555 730 2640 editione)
755 2557 804 2619 vix
827 2563 959 2639 quotuor
982 2554 1101 2639 expleat
1124 2554 1207 2638 pagi-

128 2677 191 2738 nas,
215 2686 279 2728 non
302 2687 485 2750 magnopere
510 2666 547 2730 de
574 2667 719 2730 orationis
746 2666 960 2752 depravatione
983 2688 1000 2729 a
1022 2688 1071 2730 me
1094 2665 1207 2728 dissen-

129 2768 186 2834 tiet.
231 2774 280 2838 Ex
303 2775 404 2841 media
425 2777 608 2841 refutatione
636 2778 761 2842 initium
783 2779 818 2842 fit
829 2805 837 2856 ;
862 2778 997 2843 delectus
1021 2775 1134 2840 indicia
1157 2774 1208 2869 de·

129 2881 339 2960 prehendimus
362 2888 432 2970 §93
456 2887 553 2952 maior
575 2888 686 2953 laeuna
709 2898 755 2953 est
770 2891 871 2975 posto
890 2891 944 2966 113
964 2895 994 2950 et
1011 2887 1147 2970 contrad
1164 2887 1206 2948 13

129 2996 154 3052 et
176 2995 212 3055 ld
235 2978 488 3081 interpolationes
511 2999 607 3064 laetae
631 3000 668 3064 ab
692 3001 812 3084 aliquo,
837 3000 891 3085 qui
913 3020 1033 3062 eausam
1056 3021 1117 3061 non
1141 3020 1206 3081 per·

129 3116 258 3183 spexerat
290 3116 320 3170 et
350 3116 448 3172 totam
476 3111 643 3177 orationem
676 3133 737 3175 non
768 3111 863 3194 magis
887 3131 981 3193 qnam
1000 3130 1056 3171 nos
1080 3108 1203 3192 legerat.

128 3206 210 3278 Unde
240 3212 356 3296 efficio,
389 3219 532 3298 vulnera,
566 3222 678 3305 quibus
709 3221 843 3297 laboret,
875 3220 948 3283 satis
979 3241 1044 3285 esse
1068 3219 1203 3304 antique.

131 3317 307 3394 Omissiones
339 3338 441 3396 autem
469 3354 530 3397 non
554 3333 695 3397 consulto
718 3355 782 3397 esse
805 3333 916 3410 laetas,
941 3331 994 3396 sed
1018 3352 1121 3394 nasum
1143 3329 1203 3393 iam

130 3430 194 3497 Olim
224 3449 324 3523 partes
356 3442 475 3528 aliquot
506 3444 667 3508 abstulisse
697 3444 769 3507 inde
800 3443 956 3528 probabile
980 3451 1042 3520 est,
1067 3441 1150 3526 qnod
1173 3449 1205 3506 et

131 3538 207 3607 initio
236 3558 267 3613 et
299 3558 369 3615 onte
391 3554 408 3636 b
433 3556 473 3616 12
497 3577 532 3618 ea
557 3553 782 3632 desiderantur,
806 3555 870 3618 sine
893 3554 1005 3638 quibus
1028 3551 1203 3617 intelleetus

88 3748 94 3759 .
133 3660 314 3736 sequentium
336 3684 433 3747 paene
456 3665 631 3748 praeclusus
656 3673 723 3741 est„
743 3687 804 3729 non
829 3688 880 3742 ea,
905 3686 982 3749 quae
998 3662 1098 3748 segnis
1114 3662 1203 3727 libra-

133 3759 187 3826 rios
209 3769 333 3854 reliquis
356 3773 453 3856 magis
476 3773 597 3858 neglegi
619 3794 707 3859 posse
733 3783 863 3860 potaret.

425 3965 468 4011 Vl.
501 3969 568 4012 κοτ’
587 3976 750 4015 ΑΝΔοκιΔοο
768 3976 908 4015 susanna.

172 4101 312 4182 Quemvis
336 4113 427 4178 hodie
450 4137 538 4179 nemo
562 4117 623 4181 lere
645 4116 766 4182 dubitet
789 4120 863 4204 quin
883 4119 979 4182 oratio
999 4117 1202 4183 κοτ”Ανδνιιί-

135 4205 173 4273 l⁰v
200 4210 258 4287 non
288 4224 329 4287 sit
358 4223 483 4309 Lysiae,
515 4251 576 4291 non
599 4236 700 4293 tamen
723 4229 850 4309 desunt,
876 4231 928 4316 qui
951 4253 1017 4294 eam
1039 4231 1071 4293 in
1095 4229 1201 4293 eodem

137 4317 247 4410 iudicio,
271 4357 333 4419 quo
358 4335 533 4402 Andoeidea
556 4339 594 4403 de
617 4340 787 4426 Mysteriis,
805 4342 842 4407 ab
859 4343 918 4406 alio
936 4350 1053 4406 onntore
1070 4358 1202 4425 pronun—

139 4430 231 4506 tiatam
253 4447 435 4512 existiment.
472 4446 518 4512 Of.
544 4448 727 4530 Hoelseher,
754 4453 791 4516 de
814 4454 878 4517 vite
901 4459 932 4516 et
952 4452 1073 4537 seriptis
1091 4450 1203 4536 Lysiae
