2994 5234
634 464 698 525 205

204 699 280 742 XXX.
310 705 385 744 ΚΑΤΑ
406 704 576 743 ΝΙΚΟΜΑΧΟΤ
597 704 792 742 ΓΡΑΜΜΛΤΕΩΣ
811 704 947 742 ΕΤΘΤΝΩΝ
967 702 1131 740 ΚΑΤΗΓΟΡῘΛ.

166 875 372 940 Nicomachus
404 875 516 940 humili
546 877 614 940 loeo
641 883 733 940 natus
756 877 860 960 legum
883 876 993 960 peritia
1015 876 1054 938 ad
1078 874 1214 958 aliquam

121 984 335 1069 dignationem
358 987 506 1070 pervenit.
554 984 636 1049 Nam
660 986 797 1069 quamvis
828 990 915 1069 pater
938 1006 1041 1047 servus
1071 983 1214 1068 publicus

119 1103 202 1156 esset
225 1094 396 1177 (δημόσιος),
420 1092 912 1178 11111110τί111(ὑπογραμματεύς),
931 1100 1031 1155 tamen
1049 1114 1146 1175 quum
1163 1114 1215 1155 an·

1 1243 2 1292 i
118 1203 210 1285 tiqua
247 1203 434 1287 reipublicae
465 1203 563 1266 forma
594 1211 664 1286 post
697 1203 938 1287 quadringentos
975 1202 1216 1278 instauraretur,

119 1311 182 1374 hoc
213 1313 241 1375 ei
272 1314 407 1376 muneris
439 1312 546 1377 datum
579 1319 625 1375 est
655 1321 691 1375 ut
721 1311 842 1375 Solonis
865 1311 947 1395 leges
971 1334 1008 1376 ex
1032 1312 1146 1376 tabulis
1170 1333 1217 1374 ve·

118 1422 216 1485 tuscis
248 1431 279 1485 et
310 1445 397 1507 aegre
428 1423 595 1487 intellectis
624 1423 749 1505 (κύρβεις
774 1422 983 1507 appellabant)
1006 1422 1094 1485 noris
1117 1428 1153 1483 ut
1176 1419 1219 1483 ri·

117 1531 214 1594 detur
244 1531 355 1595 litteris
390 1532 567 1618 (alphabeto
598 1531 717 1616 Ionico)
750 1531 982 1596 transscriberet
1013 1530 1217 1613 (enarratori).

119 1641 228 1720 Quam
251 1641 440 1725 provinciam
463 1642 521 1705 etsi
544 1642 679 1726 segniter
701 1641 953 1717 administrabat,
979 1662 1075 1723 quum
1098 1661 1150 1702 sex
1167 1661 1219 1702 an·

116 1773 180 1814 nos
208 1752 376 1814 insumeret
406 1752 450 1815 rei
480 1751 519 1814 ad
553 1774 645 1835 quam
676 1757 809 1834 quatuor
841 1772 959 1814 menses
992 1749 1129 1812 sufficere
1160 1748 1218 1812 visi

116 1871 240 1938 essent,
266 1869 367 1925 tamen
392 1869 455 1925 tam
480 1862 556 1926 bene
579 1862 673 1945 vulgo
697 1861 735 1924 de
759 1882 794 1924 eo
819 1858 1053 1936 existimabant,
1070 1867 1106 1922 ut
1123 1859 1148 1922 si
1165 1859 1218 1941 qui

114 1970 204 2054 leges
228 1969 304 2052 quid
328 1971 585 2055 praescriberent,
610 1968 759 2034 sciscitari
778 1969 906 2045 vellent,
932 1968 969 2032 ab
991 1968 1049 2031 hcc
1071 1991 1218 2052 responsa

118 2087 276 2163 peterent.
323 2079 396 2143 Non
423 2082 534 2144 mirum
564 2081 589 2143 si
621 2081 671 2143 hio
702 2088 799 2144 terrae
830 2078 930 2155 filius,
954 2078 1056 2141 nullos
1080 2078 1134 2161 qui
1156 2100 1218 2140 ma·

117 2191 202 2253 iores
228 2187 372 2267 haberet,
398 2193 613 2255 auctoritatem
637 2201 740 2254 tamen
764 2189 918 2273 quandam
935 2190 1016 2252 iuter
1032 2188 1129 2265 civeS,
1152 2190 1218 2270 qui-

118 2299 179 2363 bus
212 2320 318 2362 reeens
346 2300 469 2365 demum
493 2301 665 2385 adscriptus
689 2307 786 2376 esset,
811 2299 869 2362 sibi
894 2305 1116 2385 comparasset,
1141 2298 1217 2360 invi·

116 2432 171 2472 sus
198 2408 286 2471 fieret
309 2416 340 2472 et
362 2410 486 2474 odiosus
511 2411 617 2493 (Arist.
642 2409 718 2472 Ran.
747 2410 853 2492 1506).
901 2406 1032 2471 Crimini
1053 2407 1080 2470 ei
1102 2405 1216 2469 dabant

4 2512 5 2563 f
118 2519 210 2602 quod
242 2520 335 2600 paulo
366 2536 435 2584 aute
464 2521 592 2603 triginta
615 2520 749 2584 virorum
774 2518 1012 2582 dominationem
1036 2517 1107 2579 ficta
1129 2515 1215 2598 lege,

4 2666 5 2699 2
119 2651 185 2712 quo
220 2629 333 2691 certius
363 2628 547 2713 Cleophonti
578 2629 728 2692 libertatis
759 2636 888 2711 patrono
921 2627 1049 2690 exitium
1078 2631 1215 2715 pararet,

119 2739 293 2813 effecisset,
318 2744 354 2800 ut
377 2737 416 2800 ad
438 2740 503 2801 eius
523 2738 672 2802 iudicium
684 2745 804 2822 praeter
822 2737 966 2800 heliastas
982 2736 1072 2799 etiam
1089 2734 1218 2798 Senatus

118 2847 340 2924 adhiberetur,
365 2869 426 2931 quo
449 2848 565 2912 lactum
589 2856 668 2911 esset
691 2855 727 2911 ut
742 2847 795 2910 ille
818 2846 1014 2909 damnaretur
1030 2847 1057 2928 (p
1075 2847 1130 2918 ll,
1148 2847 1217 2928 sq.).

118 2958 244 3021 Verum
267 2956 341 3021 haec
364 2959 397 3021 in
415 2959 501 3043 peius
526 2960 591 3022 sine
617 2957 712 3022 dubio
736 2965 825 3020 aucta
832 2983 842 3036 3
868 2957 941 3019 satis
964 2956 1058 3038 longo
1074 2954 1219 3038 temporis

116 3066 289 3132 intervallo
317 3065 354 3129 ab
379 3067 416 3129 iis
440 3066 531 3130 rebus
556 3074 694 3150 separato
719 3066 833 3128 oratori
858 3065 947 3128 licuit
969 3065 1095 3147 impune
1118 3064 1219 3126 istius·

117 3178 207 3242 modi
240 3176 317 3261 quid
348 3178 471 3260 fingere.
519 3177 560 3240 Et
591 3179 623 3240 in
654 3178 789 3240 oratioue
820 3179 890 3239 κατ’
917 3175 1079 3254 'Ayrpcircc
1109 3174 1126 3256 b
1160 3175 1218 3249 12,

117 3290 174 3352 ubi
202 3285 310 3349 eadem
334 3308 381 3348 res
405 3293 560 3363 narratur,
586 3286 624 3349 de
647 3285 852 3366 Nicomacho,
871 3285 924 3367 qui
944 3282 1022 3346 nihil
1043 3304 1135 3366 quam
1151 3282 1220 3346 sub-

118 3398 317 3461 ministrasse
349 3395 450 3479 legem
474 3396 610 3473 videtur,
643 3418 735 3478 quam
759 3395 818 3459 sibi
840 3395 940 3457 favere
964 3393 1110 3477 oligarchi
1134 3399 1220 3476 puta-

1 3511 2 3514 ’
117 3507 216 3582 bant,
242 3512 370 3568 tacetur.
418 3505 459 3568 Et
491 3508 561 3590 quis
593 3505 757 3569 crediderit
780 3512 843 3569 tam
867 3527 967 3568 aerem
989 3503 1140 3568 libertatis
1163 3504 1219 3568 ini-

120 3618 241 3680 micum
263 3637 281 3676 a
301 3615 428 3699 triginta
447 3617 519 3680 viris
535 3617 669 3700 primum
685 3616 862 3700 expulsum,
878 3622 961 3692 tum,
979 3636 1075 3697 quum
1090 3612 1220 3676 Euclide

121 3726 274 3789 archonte
305 3724 448 3802 redisset,
481 3748 498 3788 a
530 3725 648 3789 civibus
672 3723 774 3788 denuo
798 3724 913 3787 honore
937 3722 1080 3787 affectum
1102 3721 1219 3784 fuisse?

121 3835 275 3898 Attamen
299 3832 342 3895 sic
366 3832 555 3896 Nicomacho
580 3832 699 3896 accidit.
748 3832 833 3896 Haec
857 3832 883 3895 si
906 3833 986 3896 inter
1009 3854 1040 3895 se
1065 3840 1218 3916 pugnent,

121 3964 195 4007 rero
221 3944 461 4006 consentaneum
484 3949 529 4005 est
552 3944 589 4006 iis
613 3943 704 4006 fidem
727 3942 853 4020 haberi,
879 3963 957 4027 quae
980 3941 1117 4026 proxime
1139 3940 1220 4004 lacta

123 4057 231 4114 essent
258 4059 328 4115 ante
353 4075 493 4136 praesens
517 4052 685 4130 iudicium,
710 4053 866 4136 superiora
890 4053 943 4116 illa
966 4074 982 4115 a
1006 4073 1075 4114 vero
1100 4050 1220 4114 detorta

121 4167 245 4243 putare.
292 4159 352 4223 Sed
376 4161 433 4224 hoc
458 4161 609 4245 quidquid
634 4168 680 4225 cst
702 4199 748 4211 -
770 4162 918 4246 intellego
942 4162 1024 4225 enim
1048 4166 1130 4224 certa
1153 4180 1219 4243 pro-

124 4270 199 4334 ferri
232 4291 295 4332 non
327 4293 431 4355 posse,
465 4272 649 4336 coniiciendi
681 4279 783 4335 tamen
812 4273 930 4336 veniam
954 4273 1030 4335 mihi
1053 4278 1140 4356 peto,
1165 4269 1218 4353 qui

125 4387 235 4462 putem
266 4382 387 4465 saepius
416 4382 499 4446 iusto
530 4381 691 4446 mendaces
719 4391 854 4447 oratores
885 4381 973 4445 nobis
996 4383 1151 4465 imponere
1173 4416 1218 4427 -
