2958 5238
618 485 679 547 135

109 683 219 748 venisse
249 685 371 749 talentis
403 683 569 749 admodum
591 680 748 768 probabile
771 683 820 766 (cf.
848 686 899 747 18.
925 686 990 765 20).
1037 682 1205 772 Promeae

108 800 202 858 orator
224 794 262 859 ad
285 794 457 872 hominem,
481 795 536 878 qui
555 794 656 858 favore
677 793 785 880 populi
806 815 866 858 non
884 793 1051 871 exciderat,
1070 801 1105 857 nt
1120 793 1185 858 eius

108 904 239 990 exemplo
270 905 395 983 doceat,
426 905 501 989 quid
533 905 668 988 aequitas
690 904 835 989 postulet.
883 904 966 969 Haeo
989 905 1084 990 igitur
1106 911 1186 969 reete

107 1037 135 1078 se
156 1014 278 1079 habent.
325 1015 477 1100 Deinceps
512 1037 582 1079 vero
618 1013 728 1078 accidit
762 1016 891 1092 oratori,
927 1021 962 1078 ut
992 1015 1066 1080 dum
1096 1022 1186 1080 nimis

107 1126 203 1209 cupiat
225 1149 350 1191 censam
373 1126 518 1212 probare,
542 1132 641 1191 mrbus
663 1125 782 1211 probet.
821 1125 952 1210 Utrique
976 1126 1039 1189 filio
1063 1150 1080 1191 a
1101 1134 1186 1212 patre

107 1236 170 1298 vivo
192 1259 255 1301 non
285 1237 412 1301 eandem
443 1237 563 1322 argenti
593 1258 744 1301 summam
775 1236 903 1301 sortasse
938 1237 1041 1301 datam
1074 1237 1184 1316 fuisse,

105 1371 187 1412 nemo
208 1347 298 1413 facile
322 1347 497 1412 auditorum
520 1355 586 1411 erat
607 1355 816 1433 reputaturus.
852 1346 954 1432 Igitur
976 1347 1050 1411 dum
1073 1358 1185 1433 orator,

104 1466 131 1522 et
148 1459 275 1523 infirmis
292 1458 416 1543 quidem
440 1458 646 1543 argumentis,
671 1457 729 1521 hoe
751 1480 814 1522 non
838 1457 952 1521 factum
976 1481 1040 1522 esse
1063 1459 1185 1525 demon·

76 1575 77 1578 ’
104 1576 191 1633 strare
213 1570 371 1647 instituit,
397 1569 621 1634 dubitationem
644 1579 746 1633 movet
769 1569 852 1654 apud
875 1568 1039 1634 auditores.
1087 1570 1185 1636 Num-

104 1704 208 1765 quam,
239 1683 342 1768 inquit
372 1685 389 1767 q
420 1684 480 1759 36,
512 1681 659 1746 dissensio
689 1682 753 1746 ulla
776 1682 835 1747 luit
857 1683 937 1746 inter
959 1679 1184 1767 Nicophemum

104 1802 131 1858 et
160 1793 334 1871 Cononem,
366 1794 471 1876 itaque
501 1791 539 1856 de
566 1792 695 1878 pecunia
718 1815 839 1878 quoque
862 1794 944 1857 idem
966 1794 1095 1858 sensisse
1118 1817 1185 1878 pro·

92 1905 215 1987 babile,
241 1914 272 1971 et
294 1905 365 1969 filiis
388 1927 459 1968 eum
483 1904 554 1967 hino
578 1904 841 1989 proficiscerentur
856 1905 935 1968 nibil
950 1905 1110 1991 reliquisse
1125 1906 1185 1970 nisi

103 2017 181 2099 quod
203 2018 278 2081 satis
302 2022 381 2080 esset
400 2015 482 2079 unde
499 2015 643 2079 viverent.
682 2012 771 2094 Quae
787 2016 1009 2099 argumentatio
1025 2016 1188 2101 subinepta

103 2128 228 2192 videtur.
276 2125 439 2207 Quomodo
470 2126 551 2190 enim
580 2148 616 2190 ex
646 2125 852 2189 familiaritate
883 2147 960 2209 quae
982 2126 1062 2191 inter
1084 2136 1185 2212 patres

110 2239 256 2323 quosdam
280 2238 413 2315 exsistit,
439 2237 477 2302 ad
496 2237 692 2302 consiliorum
710 2236 847 2300 omnium
867 2245 898 2299 et
915 2237 1063 2301 factorum
1087 2235 1211 2303 simili-=

104 2350 242 2415 tudinem
264 2347 432 2434 quidquam
456 2348 561 2433 eolligi
583 2347 703 2432 potest?
748 2347 887 2412 Sectione
910 2350 952 2412 38
976 2348 1055 2412 redit
1077 2348 1117 2413 sd
1143 2373 1188 2415 ar·
1282 2416 1285 2419 .

104 2460 376 2544 gumentationem,
391 2459 482 2523 modo
505 2459 680 2544 abruptam,
705 2458 758 2523 sed
780 2480 864 2523 nune
887 2461 1112 2545 computatione
1135 2461 1186 2526 bo·

103 2593 207 2635 norum
230 2569 369 2654 Cononis
393 2571 466 2636 haee
488 2571 601 2634 mirum
623 2570 656 2634 in
674 2569 801 2635 modum
815 2572 990 2657 impeditur.
1024 2573 1107 2652 „Sed
1122 2598 1185 2639 non

104 2681 278 2768 „probabile
302 2690 364 2760 est,
388 2683 491 2768 inquit
512 2685 529 2768 q
551 2685 611 2760 39,
636 2705 688 2745 vos
711 2682 749 2746 de
764 2682 917 2747 Timothei
932 2684 1083 2768 probitate
1099 2686 1187 2750 dubi·

103 2801 238 2870 „taturos
269 2793 394 2858 firisse.'’
440 2792 559 2874 Quidni
592 2793 700 2857 veroP'
728 2791 834 2873 „Quia
864 2798 1004 2861 sciebatis
1028 2796 1183 2861 Cononem

104 2905 241 2980 ,minore
263 2904 452 2989 reliquisse.'’
498 2904 558 2969 Sed
587 2904 645 2969 hoe
667 2904 747 2968 nihil
770 2903 808 2968 ad
831 2895 1019 2991 piaesentem
1043 2929 1183 2986 eausam;

104 3015 137 3079 de
167 3014 360 3099 Nicophemo
391 3014 469 3080 nihil
497 3023 606 3080 notum
637 3023 715 3093 erat,
739 3015 801 3078 imo
824 3016 1002 3102 infringitur
1024 3025 1055 3081 et
1078 3017 1184 3084 debili·

103 3132 181 3191 tatur
211 3127 350 3211 superior
380 3128 613 3211 argumentatio.
655 3126 687 3191 si
710 3126 870 3191 Timotheo
893 3127 983 3192 fidem
1007 3128 1184 3195 habuissent

105 3235 215 3301 iudices
239 3236 377 3319 puniam
399 3239 551 3302 constabat
573 3240 645 3320 quid
660 3243 754 3322 poter
775 3241 960 3320 reliquisset,
985 3239 1105 3304 eosdem
1120 3263 1184 3306 non

103 3344 263 3411 dedecebat
286 3346 323 3412 de
346 3346 562 3431 Aristophanis
586 3346 674 3411 bonis
697 3346 855 3425 dubitare,
880 3347 918 3412 de
938 3349 1025 3414 euius
1042 3352 1184 3434 patrimo-

103 3457 151 3520 nio
171 3458 251 3522 nihil
273 3467 383 3522 uotum
406 3466 496 3522 esset.

144 3569 298 3634 Nimirum
321 3569 494 3653 exemplum
517 3591 535 3632 a
557 3567 682 3633 Conone
706 3575 737 3633 et
759 3569 920 3635 Timotheo
945 3579 1081 3636 sumtum
1102 3594 1183 3637 nuno

105 3679 159 3745 alio
186 3682 375 3746 convertitur
382 3729 392 3758 ,
421 3688 456 3743 ut
485 3680 678 3758 ostendatur,
707 3683 733 3746 si
756 3682 864 3748 Conon
887 3684 1005 3748 minora
1026 3684 1183 3768 reliquerit

106 3812 190 3873 quam
213 3791 416 3876 exspectarint
432 3790 586 3868 homines,
603 3790 683 3856 idem
699 3815 787 3877 posse
802 3794 937 3859 accidere
952 3795 985 3858 in
1000 3789 1183 3880 Nicophemi

106 3900 187 3966 bonis
193 3930 202 3982 3
226 3910 293 3967 tum
315 3903 381 3988 ipsa
404 3924 522 3966 summa
545 3901 695 3967 bonorum
718 3903 852 3969 Cononis
876 3928 946 3969 eum
969 3906 1183 3991 Aristophanis

107 4022 287 4099 comparato,
319 4023 463 4100 appareat
490 4015 612 4078 tertiam
644 4015 777 4082 Cononis
806 4017 954 4083 bonorum
977 4025 1093 4103 partem
1116 4018 1184 4081 Ari·

109 4124 281 4209 stophauem
309 4125 493 4212 possedisse,
517 4128 702 4211 quapropter
720 4127 836 4193 iudioes
864 4151 926 4193 non
954 4129 1074 4194 eredere
1096 4128 1184 4194 debe-

108 4244 168 4315 ant,
191 4261 223 4302 se
246 4236 415 4322 quidquem
438 4235 550 4300 celatos
574 4259 648 4302 esse.
696 4239 780 4303 Haeo
803 4239 879 4304 bene
903 4264 975 4305 sane
998 4264 1029 4304 se
1053 4240 1183 4318 habent,

109 4347 156 4411 sed
170 4350 212 4413 ita
228 4371 307 4415 nexu
325 4331 398 4412 sunt
411 4346 618 4431 superioribus
636 4357 666 4413 et
681 4352 844 4435 permixta,
865 4360 901 4416 ut
918 4351 1003 4416 loeus
1024 4353 1184 4437 perplexus

109 4457 145 4521 sit
162 4467 192 4525 et
209 4461 359 4525 turbatus.
395 4456 487 4539 Quod
506 4457 614 4522 vitium
632 4460 730 4525 multo
747 4464 823 4528 mihi
841 4464 939 4527 maius
954 4464 1076 4529 videtur
1094 4487 1184 4550 quam
