2994 5234
654 456 715 518 197

136 655 171 716 in
200 655 298 732 ὑμᾶς,
328 651 411 733 quod
435 651 533 735 primo
556 651 673 714 nescias
696 649 775 712 sitne
798 649 952 712 obiectum
977 671 1016 711 an
1040 648 1232 727 subiectum

135 769 169 824 et
193 768 245 825 τοῦ
269 760 439 836 omittitur,
465 782 519 843 per
541 759 624 842 quod
647 759 818 822 infinitivus
838 756 1044 840 prohibitivua
1064 780 1125 822 nou
1144 759 1233 844 iungi

139 871 222 934 solet
245 894 315 934 cum
339 871 532 934 substantivo
556 869 609 932 sed
633 890 703 932 cum
727 875 792 930 tota
815 867 967 929 sententia
989 866 1038 930 vel
1060 868 1161 932 verbo.

182 983 200 1065 p
225 983 254 1043 6.
301 980 337 1044 θοι
358 980 382 1042 δ’
402 982 508 1061 θφθῖοσι
532 980 729 1061 (κλέπτοντες)
754 978 770 1051 ή
793 976 870 1056 μέρει
895 982 950 1039 τῶν
973 977 1160 1052 ήδικήμθτιοι
1183 979 1230 1042 τοι

134 1090 262 1153 κίνδυνον
286 1088 467 1171 ἐξεπρίαντο,
492 1089 508 1163 ή
529 1089 569 1159 εἰς
591 1090 696 1164 cyano
715 1085 921 1157 καταστάντες
944 1094 981 1164 τῇ
1002 1086 1229 1163 adverteretur

133 1199 291 1271 ἐσώθησαν.
337 1197 479 1261 Insolens
510 1205 557 1260 est
587 1197 718 1274 οὶδίιιήμοι
750 1217 805 1280 pro
832 1200 964 1279 perucia
995 1200 1106 1258 iniuste
1124 1202 1229 1279 porto.

131 1309 305 1373 Manifesto
336 1309 417 1371 enim
447 1307 506 1370 hoc
539 1307 622 1370 vult:
658 1307 789 1390 pecunia
820 1306 924 1369 oblata
954 1313 1156 1388 corrumpunt
1185 1327 1231 1367 ac·

131 1428 305 1484 cusatores.
339 1418 400 1481 Pro
423 1420 545 1500 θφθῶσιο
568 1417 724 1501 Hirschig.
748 1418 907 1493 ληφθῶσιν,
932 1415 984 1478 sed
1009 1415 1047 1479 of.
1071 1417 1088 1499 p
1111 1417 1149 1477 3:
1179 1415 1228 1478 uxi

131 1533 164 1594 οὐ
191 1535 241 1593 νῦν
265 1534 373 1607 πρῶτον
396 1528 532 1607 ιθφθήσοιιι
557 1527 729 1597 ἀδικοῦντες.

178 1641 197 1723 p
223 1640 252 1702 7.
299 1647 336 1719 τῇ
364 1640 440 1718 οιύτή
471 1638 565 1717 ψήφῳ
594 1638 661 1708 τοθς
685 1637 713 1700 τ’
736 1635 846 1706 ἄλλους
869 1635 1074 1715 κοσμιωτέρους
1098 1635 1231 1706 τοιήσετε

131 1748 149 1823 ή
176 1752 236 1810 νῦν
260 1748 349 1821 εἱσι,
373 1746 421 1809 aa)
450 1746 531 1822 τοιρθο
554 1746 662 1809 τούτων
685 1744 763 1818 δι’κήι
786 1743 939 1826 εἰληφότες
963 1742 1071 1809 ἔσεσθε.
1118 1742 1231 1807 Melius

130 1879 243 1920 rursus
275 1855 308 1917 in
338 1853 544 1917 Nicomachea
574 1855 591 1937 t
615 1856 672 1915 23:
706 1863 742 1934 σή
767 1856 843 1932 οιύτή
865 1854 959 1933 ψήφῳ
981 1854 1047 1924 τοὺς
1070 1850 1098 1916 τ’
1122 1850 1230 1924 θιλλοιις

130 1966 273 2044 βελτίους
314 1965 446 2037 ποιήσετε
479 1962 528 2025 xci
565 1963 646 2041 τοιροὶ
681 1961 782 2025 τούτου
817 1960 894 2034 δίκην
925 1962 1080 2043 εἰληφότες
1114 1962 1229 2044 ἔσεσθε,

132 2074 259 2138 omissis
283 2073 300 2147 ή
324 2079 371 2136 οὖν
394 2074 456 2136 εἱσι.

177 2185 195 2266 p
221 2185 251 2245 9.
299 2180 395 2264 Digni
416 2186 507 2257 sunt,
527 2179 630 2263 inquit
650 2185 767 2255 orator,
789 2178 843 2260 qui
862 2178 1104 2242 condemnentur
1111 2204 1121 2256 3
1146 2185 1177 2241 et
1190 2201 1230 2242 ne

131 2297 168 2353 ut
198 2289 365 2352 audiantur
389 2289 513 2374 quidem
537 2288 693 2371 postulare
716 2295 845 2372 possunt
868 2287 949 2370 (ἀλλ’
970 2290 1020 2352 οὐκ
1042 2287 1078 2353 θοι
1101 2290 1249 2365 ήγοῦμοικ

129 2400 241 2471 οιύτοὺς
262 2399 339 2472 δίκην
358 2397 445 2474 οὶξθοιο
457 2434 502 2445 -
520 2398 540 2460 i.
554 2420 579 2460 e.
598 2398 670 2460 satis
686 2418 829 2480 magnam
843 2435 888 2445 -
904 2396 1051 2462 δεδοικέναι
1059 2447 1068 2479 ,
1090 2400 1113 2461 εἶ
1127 2399 1230 2477 dupon-

129 2508 256 2585 σοθμειοι
279 2511 373 2572 αὐτῶν
397 2507 679 2590 καταψηφίσαισθε).
715 2505 795 2568 Tum
817 2507 918 2590 pergit
941 2507 1045 2569 statim
1068 2513 1128 2579 τῶς
1152 2506 1227 2589 γάρ,

130 2614 152 2683 ὦ
176 2617 278 2699 ἄνδρες
302 2619 456 2692 δικοιστοιθ,
481 2614 521 2689 οἷς
544 2619 605 2682 οὐδὲ
627 2617 727 2681 τοιθτθι
750 2617 799 2679 uc)
824 2617 891 2693 ὑμῖν
910 2616 1068 2699 συμφέρει;
1098 2616 1226 2680 Meliora

130 2728 181 2791 his
215 2729 384 2812 exspectari
414 2734 572 2812 poterant;
605 2726 722 2810 aliquid
751 2726 871 2809 insigne
901 2725 939 2788 ad
963 2726 1144 2809 pravitatem
1167 2748 1228 2788 me-

130 2836 319 2900 morandum
350 2842 429 2913 erat,
463 2858 516 2899 our
546 2836 584 2899 iis
616 2841 796 2918 negaretur,
830 2835 913 2918 quod
937 2834 1061 2919 reliquis
1084 2834 1229 2897 maleficis

131 2945 262 3009 concedi
294 2945 421 3024 soleret,
453 2956 506 3009 aut
538 2946 599 3009 tale
629 2944 720 3028 quid:
753 2965 815 3006 non
846 2943 932 3028 digni
964 2952 1037 3008 sunt
1068 2947 1122 3028 qui
1145 2946 1230 3008 audi-

130 3063 245 3129 antur3
278 3076 347 3117 uam
379 3063 468 3118 antea
498 3055 558 3138 ipsi
587 3075 710 3138 quoque
733 3054 884 3136 corruptis
908 3054 1136 3118 accusatoribus
1161 3055 1229 3118 effe·

130 3169 262 3239 cerunt,
295 3170 331 3224 ut
358 3185 409 3226 vos
433 3165 579 3247 ipsorum,
594 3183 717 3224 causam
739 3183 802 3224 non
825 3162 1048 3245 cognosceretis
1072 3163 1122 3245 (cf.
1146 3165 1162 3247 φ
1187 3168 1228 3249 6).

129 3273 246 3358 Neque
271 3281 372 3336 tamen
395 3273 569 3336 Hamakero
594 3270 762 3346 assentior,
787 3269 861 3332 haee
884 3270 929 3332 ita
951 3271 1039 3355 iungi
1056 3272 1092 3336 ab
1109 3282 1227 3340 oratore

129 3407 195 3447 non
220 3383 367 3466 potuisse.
416 3381 537 3464 Aliquis
562 3381 643 3444 enim
666 3401 762 3443 nexus
787 3380 886 3443 estin
911 3380 968 3444 his.
1005 3381 1130 3447 Summa
1145 3387 1227 3450 enim
1317 3416 1319 3419 ·

130 3493 304 3558 sententiae
336 3492 499 3577 superioris
532 3491 606 3554 haec
635 3497 697 3566 est,
723 3512 784 3553 non
808 3497 924 3576 oportet
945 3514 996 3555 eos
1020 3494 1142 3572 audire,
1169 3518 1230 3560 non

130 3604 209 3668 utile
235 3603 330 3666 vobis.
366 3601 415 3665 Ad
437 3623 530 3685 quam
554 3600 714 3664 attendens
739 3600 797 3664 hoc
816 3601 982 3685 significat:
1008 3602 1046 3664 iis
1064 3604 1146 3666 enim
1161 3626 1230 3668 con·

131 3715 262 3778 duceret
284 3735 407 3777 causam
429 3713 546 3789 dicere;
571 3712 623 3775 sed
648 3733 726 3795 quae
749 3711 811 3774 illis
836 3711 924 3774 utilia
948 3718 1037 3789 sunt,
1055 3712 1140 3775 vobis
1157 3721 1229 3777 sunt

132 3824 237 3889 noxia.
285 3823 381 3886 Addit
403 3823 499 3907 igitur
522 3822 596 3886 haec
620 3822 708 3905 quasi
732 3822 764 3885 in
789 3821 997 3906 superioribus
1013 3845 1076 3886 nou
1091 3823 1129 3886 'de
1144 3824 1226 3887 iusto

131 3931 234 4016 (Ἐθοο
268 3931 357 4015 δίκην)
391 3933 444 3995 sed
473 3932 510 3995 de
539 3932 610 3995 utili
633 3941 783 4017 ageretur.
831 3930 979 4011 Quamvis
1002 3933 1096 4010 male,
1125 3940 1226 3999 tamen

132 4064 190 4104 sua
213 4040 332 4103 ratione
355 4047 595 4123 argumentatur.

177 4153 195 4234 t
221 4151 272 4213 12.
319 4151 368 4214 ιιοιὶ
396 4156 442 4215 νῦν
469 4151 535 4223 ἴσως
564 4153 742 4226 σοιήσοοοιι,
770 4150 845 4231 θέσερ
870 4153 918 4215 κοιὶ
939 4150 1070 4231 τρθτεροο
1094 4148 1167 4226 ήσοιι
1190 4153 1227 4215 εἱ-

132 4261 256 4337 θιομέοοι
279 4260 328 4323 xci
349 4260 472 4337 δήμθτοιι
492 4260 542 4323 uxi
562 4262 661 4341 φίλοι,
681 4259 819 4332 κλήοοτες
840 4257 1015 4335 ἕξοιιτεῖσθοοι
1035 4261 1139 4331 αὐτοὺς
1156 4261 1226 4341 παρ’

135 4370 223 4448 ὑμῶν.
248 4369 406 4434 Palatinus
422 4370 579 4446 ἐξοισεῖσθε
587 4421 597 4454 ,
619 4371 845 4437 Laurentianus
862 4371 1025 4434 manifesta
1040 4370 1225 4434 correctione
