<?xml version="1.0" encoding="UTF-8"?>
<!DOCTYPE html PUBLIC "-//W3C//DTD XHTML 1.0 Transitional//EN"
    "http://www.w3.org/TR/xhtml1/DTD/xhtml1-transitional.dtd">
<html xmlns="http://www.w3.org/1999/xhtml" xml:lang="en" lang="en">
 <head>
  <title>
</title>
<meta http-equiv="Content-Type" content="text/html;charset=utf-8" />
  <meta name='ocr-system' content='tesseract 3.04.00' />
  <meta name='ocr-capabilities' content='ocr_page ocr_carea ocr_par ocr_line ocrx_word'/>
</head>
<body>
  <div class='ocr_page' id='page_1' title='image "./commentationesl03frangoog_0110.png"; bbox 0 0 2958 5238; ppageno 0'>
   <div class='ocr_carea' id='block_1_1' title="bbox 613 451 654 513">
    <p class='ocr_par' dir='ltr' id='par_1_1' title="bbox 613 451 654 513">
     <span class='ocr_line' id='line_1_1' title="bbox 613 451 654 513; baseline -0.049 0"><span class='ocrx_word' id='word_1_1' title='bbox 613 451 654 513; x_wconf 80' lang='lat'><strong>95</strong></span> 
     </span>
    </p>
   </div>
   <div class='ocr_carea' id='block_1_2' title="bbox 36 646 1223 2625">
    <p class='ocr_par' dir='ltr' id='par_1_2' title="bbox 96 646 1179 1181">
     <span class='ocr_line' id='line_1_2' title="bbox 99 646 1176 735; baseline -0.005 -18"><span class='ocrx_word' id='word_1_2' title='bbox 99 675 172 716; x_wconf 90' lang='lat' dir='ltr'><strong>nnn</strong></span> <span class='ocrx_word' id='word_1_3' title='bbox 197 651 293 716; x_wconf 82' lang='lat' dir='ltr'><strong>slieno</strong></span> <span class='ocrx_word' id='word_1_4' title='bbox 325 648 394 713; x_wconf 87' lang='lat' dir='ltr'><strong>loco</strong></span> <span class='ocrx_word' id='word_1_5' title='bbox 416 647 449 712; x_wconf 91' lang='lat' dir='ltr'><strong>in</strong></span> <span class='ocrx_word' id='word_1_6' title='bbox 472 647 617 733; x_wconf 81' lang='lat' dir='ltr'>proximis</span> <span class='ocrx_word' id='word_1_7' title='bbox 640 646 672 735; x_wconf 69' lang='grc'><strong>(6</strong></span> <span class='ocrx_word' id='word_1_8' title='bbox 696 648 755 725; x_wconf 79' lang='grc'><strong>65,</strong></span> <span class='ocrx_word' id='word_1_9' title='bbox 781 648 839 733; x_wconf 87' lang='grc'><strong>66)</strong></span> <span class='ocrx_word' id='word_1_10' title='bbox 863 648 959 712; x_wconf 78' lang='lat' dir='ltr'><strong>assuit</strong></span> <span class='ocrx_word' id='word_1_11' title='bbox 981 647 1031 732; x_wconf 86' lang='lat' dir='ltr'><strong>(de</strong></span> <span class='ocrx_word' id='word_1_12' title='bbox 1054 669 1114 732; x_wconf 93' lang='lat' dir='ltr'><strong>quo</strong></span> <span class='ocrx_word' id='word_1_13' title='bbox 1137 647 1176 712; x_wconf 81' lang='lat' dir='ltr'><strong>cf.</strong></span> 
     </span>
     <span class='ocr_line' id='line_1_3' title="bbox 97 758 1178 843; baseline -0.005 -15"><span class='ocrx_word' id='word_1_14' title='bbox 97 763 265 841; x_wconf 77' lang='lat' dir='ltr'><strong>Homoher,</strong></span> <span class='ocrx_word' id='word_1_15' title='bbox 296 759 543 837; x_wconf 79' lang='lat' dir='ltr'><strong>Rouchenstein,</strong></span> <span class='ocrx_word' id='word_1_16' title='bbox 574 758 713 843; x_wconf 81' lang='lat' dir='ltr'><strong>Scheibe)</strong></span> <span class='ocrx_word' id='word_1_17' title='bbox 736 758 786 823; x_wconf 90' lang='lat' dir='ltr'><strong>hio</strong></span> <span class='ocrx_word' id='word_1_18' title='bbox 814 780 936 843; x_wconf 92' lang='lat' dir='ltr'><strong>quoque</strong></span> <span class='ocrx_word' id='word_1_19' title='bbox 958 759 1048 824; x_wconf 81' lang='lat' dir='ltr'><strong>verbs</strong></span> <span class='ocrx_word' id='word_1_20' title='bbox 1072 766 1178 824; x_wconf 77' lang='lat' dir='ltr'><strong>notato</strong></span> 
     </span>
     <span class='ocr_line' id='line_1_4' title="bbox 96 871 1178 958; baseline -0.006 -17"><span class='ocrx_word' id='word_1_21' title='bbox 96 877 137 941; x_wconf 81' lang='lat' dir='ltr'><strong>(le</strong></span> <span class='ocrx_word' id='word_1_22' title='bbox 165 897 218 939; x_wconf 94' lang='lat' dir='ltr'><strong>suo</strong></span> <span class='ocrx_word' id='word_1_23' title='bbox 248 873 411 938; x_wconf 74' lang='lat' dir='ltr'><strong>interserit.</strong></span> <span class='ocrx_word' id='word_1_24' title='bbox 442 871 634 950; x_wconf 58' lang='lat' dir='ltr'><strong>benorum,</strong></span> <span class='ocrx_word' id='word_1_25' title='bbox 667 872 721 956; x_wconf 88' lang='lat' dir='ltr'><strong>qui</strong></span> <span class='ocrx_word' id='word_1_26' title='bbox 753 878 817 936; x_wconf 77' lang='grc' dir='ltr'><em>ον’ννο</em></span> <span class='ocrx_word' id='word_1_27' title='bbox 837 879 929 958; x_wconf 81' lang='lat' dir='ltr'><strong>patre</strong></span> <span class='ocrx_word' id='word_1_28' title='bbox 951 877 1038 949; x_wconf 86' lang='lat' dir='ltr'><strong>sunt,</strong></span> <span class='ocrx_word' id='word_1_29' title='bbox 1062 878 1178 955; x_wconf 76' lang='lat' dir='ltr'><strong>petrem</strong></span> 
     </span>
     <span class='ocr_line' id='line_1_5' title="bbox 96 981 1179 1068; baseline -0.005 -18"><span class='ocrx_word' id='word_1_30' title='bbox 96 986 229 1051; x_wconf 76' lang='lat' dir='ltr'><strong>indicere</strong></span> <span class='ocrx_word' id='word_1_31' title='bbox 251 984 384 1050; x_wconf 81' lang='lat' dir='ltr'><strong>subinde</strong></span> <span class='ocrx_word' id='word_1_32' title='bbox 406 983 529 1048; x_wconf 86' lang='lat' dir='ltr'><strong>difficile</strong></span> <span class='ocrx_word' id='word_1_33' title='bbox 537 1032 546 1062; x_wconf 95' lang='lat'><strong><em>,</em></strong></span> <span class='ocrx_word' id='word_1_34' title='bbox 564 983 663 1047; x_wconf 90' lang='lat' dir='ltr'><strong>multo</strong></span> <span class='ocrx_word' id='word_1_35' title='bbox 679 982 776 1068; x_wconf 80' lang='lat' dir='ltr'><strong>magis</strong></span> <span class='ocrx_word' id='word_1_36' title='bbox 793 1005 864 1047; x_wconf 80' lang='lat' dir='ltr'><strong>avos</strong></span> <span class='ocrx_word' id='word_1_37' title='bbox 880 990 911 1048; x_wconf 85' lang='lat' dir='ltr'><strong>et</strong></span> <span class='ocrx_word' id='word_1_38' title='bbox 926 984 1007 1048; x_wconf 76' lang='lat' dir='ltr'><strong>avios</strong></span> <span class='ocrx_word' id='word_1_39' title='bbox 1015 1009 1025 1060; x_wconf 90' lang='lat'>;</span> <span class='ocrx_word' id='word_1_40' title='bbox 1042 988 1073 1047; x_wconf 89' lang='lat' dir='ltr'><strong>et</strong></span> <span class='ocrx_word' id='word_1_41' title='bbox 1088 981 1179 1046; x_wconf 90' lang='lat' dir='ltr'><strong>homo</strong></span> 
     </span>
     <span class='ocr_line' id='line_1_6' title="bbox 96 1093 773 1181; baseline -0.006 -18"><span class='ocrx_word' id='word_1_42' title='bbox 96 1099 243 1162; x_wconf 55' lang='lat' dir='ltr'><strong>omcnrns</strong></span> <span class='ocrx_word' id='word_1_43' title='bbox 265 1097 310 1160; x_wconf 90' lang='lat' dir='ltr'><strong>sic</strong></span> <span class='ocrx_word' id='word_1_44' title='bbox 334 1093 560 1181; x_wconf 78' lang='lat' dir='ltr'><strong>quodammodo</strong></span> <span class='ocrx_word' id='word_1_45' title='bbox 583 1093 773 1159; x_wconf 79' lang='lat' dir='ltr'><strong>nobilitetur.</strong></span> 
     </span>
    </p>

    <p class='ocr_par' dir='ltr' id='par_1_3' title="bbox 36 1199 1223 2625">
     <span class='ocr_line' id='line_1_7' title="bbox 143 1199 1181 1295; baseline -0.002 -24"><span class='ocrx_word' id='word_1_46' title='bbox 143 1211 233 1295; x_wconf 64' lang='lat' dir='ltr'><strong>pol.</strong></span> <span class='ocrx_word' id='word_1_47' title='bbox 273 1209 374 1273; x_wconf 82' lang='grc' dir='ltr'><em>Ἦσαν</em></span> <span class='ocrx_word' id='word_1_48' title='bbox 404 1207 495 1272; x_wconf 79' lang='grc' dir='ltr'><em>τοίνυν</em></span> <span class='ocrx_word' id='word_1_49' title='bbox 521 1202 596 1271; x_wconf 72' lang='grc' dir='ltr'><em>οὗτοι</em></span> <span class='ocrx_word' id='word_1_50' title='bbox 618 1240 665 1255; x_wconf 79' lang='grc'>-</span> <span class='ocrx_word' id='word_1_51' title='bbox 686 1206 824 1286; x_wconf 74' lang='grc' dir='ltr'><strong>τέτταρες</strong></span> <span class='ocrx_word' id='word_1_52' title='bbox 846 1205 987 1288; x_wconf 62' lang='grc' dir='ltr'><strong>ἀδελφοί.</strong></span> <span class='ocrx_word' id='word_1_53' title='bbox 1011 1203 1118 1270; x_wconf 80' lang='grc' dir='ltr'><em>τούτων</em></span> <span class='ocrx_word' id='word_1_54' title='bbox 1140 1199 1181 1276; x_wconf 71' lang='grc' dir='ltr'><strong>οἷς</strong></span> 
     </span>
     <span class='ocr_line' id='line_1_8' title="bbox 36 1315 1223 1401; baseline -0.004 -15"><span class='ocrx_word' id='word_1_55' title='bbox 36 1318 38 1329; x_wconf 84' lang='grc'><strong>’</strong></span> <span class='ocrx_word' id='word_1_56' title='bbox 97 1322 152 1399; x_wconf 71' lang='grc' dir='ltr'><strong>μὲν</strong></span> <span class='ocrx_word' id='word_1_57' title='bbox 174 1322 187 1385; x_wconf 81' lang='grc' dir='ltr'><em>ὃ</em></span> <span class='ocrx_word' id='word_1_58' title='bbox 208 1319 400 1401; x_wconf 76' lang='grc' dir='ltr'><em>πρεσβύτερος</em></span> <span class='ocrx_word' id='word_1_59' title='bbox 423 1319 453 1383; x_wconf 79' lang='grc' dir='ltr'><strong>ἐν</strong></span> <span class='ocrx_word' id='word_1_60' title='bbox 475 1319 598 1398; x_wconf 69' lang='grc' dir='ltr'><strong>Σικελία</strong></span> <span class='ocrx_word' id='word_1_61' title='bbox 620 1315 966 1400; x_wconf 62' lang='grc' dir='ltr'><strong>παραφρυκτωρευόμενος</strong></span> <span class='ocrx_word' id='word_1_62' title='bbox 987 1317 1181 1396; x_wconf 71' lang='grc' dir='ltr'><em>τοῖςπολεμή-</em></span> <span class='ocrx_word' id='word_1_63' title='bbox 1221 1341 1223 1345; x_wconf 71' lang='grc'>’</span> 
     </span>
     <span class='ocr_line' id='line_1_9' title="bbox 99 1425 1183 1513; baseline -0.007 -15"><span class='ocrx_word' id='word_1_64' title='bbox 99 1457 138 1504; x_wconf 80' lang='grc' dir='ltr'><strong>ονς</strong></span> <span class='ocrx_word' id='word_1_65' title='bbox 170 1433 288 1512; x_wconf 74' lang='grc' dir='ltr'><strong>ληφθεὶς</strong></span> <span class='ocrx_word' id='word_1_66' title='bbox 319 1431 374 1496; x_wconf 80' lang='grc' dir='ltr'><strong>ὑπὸ</strong></span> <span class='ocrx_word' id='word_1_67' title='bbox 404 1428 559 1508; x_wconf 72' lang='grc' dir='ltr'><em>Λαμάχου</em></span> <span class='ocrx_word' id='word_1_68' title='bbox 589 1426 845 1505; x_wconf 73' lang='grc' dir='ltr'><em>ἀπετυμπανίσθη.</em></span> <span class='ocrx_word' id='word_1_69' title='bbox 892 1425 952 1489; x_wconf 92' lang='lat' dir='ltr'><strong>Pro</strong></span> <span class='ocrx_word' id='word_1_70' title='bbox 979 1427 1183 1513; x_wconf 78' lang='lat' dir='ltr'><strong>comparativo</strong></span> 
     </span>
     <span class='ocr_line' id='line_1_10' title="bbox 100 1536 1185 1622; baseline -0.005 -15"><span class='ocrx_word' id='word_1_71' title='bbox 100 1545 167 1608; x_wconf 90' lang='lat' dir='ltr'><strong>iure</strong></span> <span class='ocrx_word' id='word_1_72' title='bbox 188 1542 305 1607; x_wconf 85' lang='lat' dir='ltr'><strong>Brhius</strong></span> <span class='ocrx_word' id='word_1_73' title='bbox 328 1540 533 1619; x_wconf 82' lang='grc' dir='ltr'><em>πρεσβύτατος</em></span> <span class='ocrx_word' id='word_1_74' title='bbox 557 1537 749 1603; x_wconf 77' lang='lat' dir='ltr'><strong>desideravit.</strong></span> <span class='ocrx_word' id='word_1_75' title='bbox 784 1536 866 1601; x_wconf 82' lang='lat' dir='ltr'><strong>Nam</strong></span> <span class='ocrx_word' id='word_1_76' title='bbox 882 1538 966 1622; x_wconf 87' lang='lat' dir='ltr'><strong>quod</strong></span> <span class='ocrx_word' id='word_1_77' title='bbox 981 1538 1185 1602; x_wconf 80' lang='lat' dir='ltr'><strong>Wostermsn·</strong></span> 
     </span>
     <span class='ocr_line' id='line_1_11' title="bbox 101 1650 1186 1739; baseline -0.005 -20"><span class='ocrx_word' id='word_1_78' title='bbox 101 1678 160 1719; x_wconf 89' lang='lat' dir='ltr'><strong>nus</strong></span> <span class='ocrx_word' id='word_1_79' title='bbox 183 1655 259 1738; x_wconf 83' lang='lat' dir='ltr'><strong>(ll.</strong></span> <span class='ocrx_word' id='word_1_80' title='bbox 284 1675 313 1739; x_wconf 92' lang='lat' dir='ltr'><strong>p.</strong></span> <span class='ocrx_word' id='word_1_81' title='bbox 342 1654 393 1736; x_wconf 84' lang='grc'><strong>19)</strong></span> <span class='ocrx_word' id='word_1_82' title='bbox 417 1650 657 1734; x_wconf 76' lang='lat' dir='ltr'><strong>comparativum</strong></span> <span class='ocrx_word' id='word_1_83' title='bbox 679 1650 816 1715; x_wconf 77' lang='lat' dir='ltr'><strong>excusari</strong></span> <span class='ocrx_word' id='word_1_84' title='bbox 838 1671 928 1734; x_wconf 88' lang='lat' dir='ltr'><strong>posse</strong></span> <span class='ocrx_word' id='word_1_85' title='bbox 942 1656 1047 1735; x_wconf 80' lang='lat' dir='ltr'><strong>putat,</strong></span> <span class='ocrx_word' id='word_1_86' title='bbox 1065 1650 1090 1714; x_wconf 90' lang='lat' dir='ltr'><strong>si</strong></span> <span class='ocrx_word' id='word_1_87' title='bbox 1106 1652 1186 1734; x_wconf 71' lang='lat' dir='ltr'><strong>Ago</strong></span> 
     </span>
     <span class='ocr_line' id='line_1_12' title="bbox 100 1762 1186 1848; baseline -0.004 -18"><span class='ocrx_word' id='word_1_88' title='bbox 100 1774 214 1844; x_wconf 82' lang='lat' dir='ltr'><strong>retum,</strong></span> <span class='ocrx_word' id='word_1_89' title='bbox 243 1787 314 1829; x_wconf 93' lang='lat' dir='ltr'><strong>cnm</strong></span> <span class='ocrx_word' id='word_1_90' title='bbox 336 1784 398 1848; x_wconf 90' lang='lat' dir='ltr'><strong>quo</strong></span> <span class='ocrx_word' id='word_1_91' title='bbox 420 1763 467 1827; x_wconf 91' lang='lat' dir='ltr'><strong>illi</strong></span> <span class='ocrx_word' id='word_1_92' title='bbox 489 1770 716 1848; x_wconf 81' lang='lat' dir='ltr'><strong>comparentur,</strong></span> <span class='ocrx_word' id='word_1_93' title='bbox 741 1762 911 1827; x_wconf 85' lang='lat' dir='ltr'><strong>secundum</strong></span> <span class='ocrx_word' id='word_1_94' title='bbox 933 1770 1010 1827; x_wconf 79' lang='lat' dir='ltr'><strong>notu</strong></span> <span class='ocrx_word' id='word_1_95' title='bbox 1029 1762 1124 1827; x_wconf 81' lang='lat' dir='ltr'><strong>fuisse</strong></span> <span class='ocrx_word' id='word_1_96' title='bbox 1135 1783 1186 1846; x_wconf 85' lang='lat' dir='ltr'><strong>po·</strong></span> 
     </span>
     <span class='ocr_line' id='line_1_13' title="bbox 103 1872 1187 1958; baseline -0.005 -17"><span class='ocrx_word' id='word_1_97' title='bbox 103 1900 227 1955; x_wconf 80' lang='lat' dir='ltr'><strong>namus,</strong></span> <span class='ocrx_word' id='word_1_98' title='bbox 259 1898 322 1940; x_wconf 90' lang='lat' dir='ltr'><strong>non</strong></span> <span class='ocrx_word' id='word_1_99' title='bbox 355 1872 525 1938; x_wconf 73' lang='grc' dir='ltr'><strong>66666666.Ι</strong></span> <span class='ocrx_word' id='word_1_100' title='bbox 560 1873 711 1958; x_wconf 80' lang='lat' dir='ltr'><strong>Deinceps</strong></span> <span class='ocrx_word' id='word_1_101' title='bbox 735 1874 815 1939; x_wconf 91' lang='lat' dir='ltr'><strong>enim</strong></span> <span class='ocrx_word' id='word_1_102' title='bbox 839 1874 876 1939; x_wconf 87' lang='lat' dir='ltr'><strong>de</strong></span> <span class='ocrx_word' id='word_1_103' title='bbox 900 1877 1028 1939; x_wconf 77' lang='lat' dir='ltr'><strong>secundo</strong></span> <span class='ocrx_word' id='word_1_104' title='bbox 1047 1880 1078 1938; x_wconf 89' lang='lat' dir='ltr'><strong>et</strong></span> <span class='ocrx_word' id='word_1_105' title='bbox 1099 1879 1187 1937; x_wconf 81' lang='lat' dir='ltr'><strong>tertio</strong></span> 
     </span>
     <span class='ocr_line' id='line_1_14' title="bbox 106 1983 1186 2072; baseline -0.006 -18"><span class='ocrx_word' id='word_1_106' title='bbox 106 1990 164 2072; x_wconf 82' lang='grc' dir='ltr'><strong>(τὸν</strong></span> <span class='ocrx_word' id='word_1_107' title='bbox 185 1987 214 2052; x_wconf 77' lang='grc' dir='ltr'><strong>δὲ</strong></span> <span class='ocrx_word' id='word_1_108' title='bbox 237 1984 329 2067; x_wconf 74' lang='grc' dir='ltr'><em>τρῖσον</em></span> <span class='ocrx_word' id='word_1_109' title='bbox 352 1986 368 2069; x_wconf 64' lang='lat' dir='ltr'><strong>b</strong></span> <span class='ocrx_word' id='word_1_110' title='bbox 391 1985 444 2069; x_wconf 82' lang='lat'><strong>68)</strong></span> <span class='ocrx_word' id='word_1_111' title='bbox 469 2005 530 2047; x_wconf 92' lang='lat' dir='ltr'><strong>non</strong></span> <span class='ocrx_word' id='word_1_112' title='bbox 554 1983 592 2047; x_wconf 86' lang='lat' dir='ltr'><strong>de</strong></span> <span class='ocrx_word' id='word_1_113' title='bbox 613 1986 705 2048; x_wconf 85' lang='lat' dir='ltr'><strong>tertio</strong></span> <span class='ocrx_word' id='word_1_114' title='bbox 729 1991 760 2048; x_wconf 90' lang='lat' dir='ltr'><strong>et</strong></span> <span class='ocrx_word' id='word_1_115' title='bbox 771 1992 881 2070; x_wconf 76' lang='lat' dir='ltr'><strong>quarto</strong></span> <span class='ocrx_word' id='word_1_116' title='bbox 897 1985 1008 2069; x_wconf 79' lang='lat' dir='ltr'><strong>egitur.</strong></span> <span class='ocrx_word' id='word_1_117' title='bbox 1033 1986 1186 2069; x_wconf 80' lang='lat' dir='ltr'><strong>Agorotus</strong></span> 
     </span>
     <span class='ocr_line' id='line_1_15' title="bbox 103 2097 1187 2182; baseline -0.004 -18"><span class='ocrx_word' id='word_1_118' title='bbox 103 2099 200 2164; x_wconf 86' lang='lat' dir='ltr'><strong>tribus</strong></span> <span class='ocrx_word' id='word_1_119' title='bbox 231 2097 357 2182; x_wconf 90' lang='lat' dir='ltr'><strong>reliquis</strong></span> <span class='ocrx_word' id='word_1_120' title='bbox 388 2097 571 2181; x_wconf 90' lang='lat' dir='ltr'><strong>opponitur,</strong></span> <span class='ocrx_word' id='word_1_121' title='bbox 596 2119 634 2161; x_wconf 82' lang='lat' dir='ltr'><strong>er</strong></span> <span class='ocrx_word' id='word_1_122' title='bbox 656 2097 768 2181; x_wconf 90' lang='lat' dir='ltr'><strong>quibus</strong></span> <span class='ocrx_word' id='word_1_123' title='bbox 790 2097 940 2161; x_wconf 83' lang='lat' dir='ltr'><strong>maximus</strong></span> <span class='ocrx_word' id='word_1_124' title='bbox 963 2108 1040 2160; x_wconf 82' lang='lat' dir='ltr'><strong>natu</strong></span> <span class='ocrx_word' id='word_1_125' title='bbox 1063 2103 1109 2161; x_wconf 90' lang='lat' dir='ltr'><strong>ost</strong></span> <span class='ocrx_word' id='word_1_126' title='bbox 1132 2097 1187 2182; x_wconf 90' lang='lat' dir='ltr'><strong>qui</strong></span> 
     </span>
     <span class='ocr_line' id='line_1_16' title="bbox 102 2207 1187 2296; baseline -0.006 -20"><span class='ocrx_word' id='word_1_127' title='bbox 102 2213 216 2296; x_wconf 88' lang='lat' dir='ltr'><strong>primus</strong></span> <span class='ocrx_word' id='word_1_128' title='bbox 249 2208 434 2273; x_wconf 85' lang='lat' dir='ltr'><strong>nominatur.</strong></span> <span class='ocrx_word' id='word_1_129' title='bbox 481 2207 527 2272; x_wconf 90' lang='lat' dir='ltr'><strong>De</strong></span> <span class='ocrx_word' id='word_1_130' title='bbox 558 2207 693 2271; x_wconf 72' lang='lat' dir='ltr'><strong>confusis</strong></span> <span class='ocrx_word' id='word_1_131' title='bbox 720 2210 925 2293; x_wconf 75' lang='lat' dir='ltr'><strong>comparativo</strong></span> <span class='ocrx_word' id='word_1_132' title='bbox 949 2214 980 2272; x_wconf 91' lang='lat' dir='ltr'><strong>et</strong></span> <span class='ocrx_word' id='word_1_133' title='bbox 1002 2207 1187 2293; x_wconf 76' lang='lat' dir='ltr'><strong>superlativo</strong></span> 
     </span>
     <span class='ocr_line' id='line_1_17' title="bbox 103 2301 1189 2406; baseline -0.005 -19"><span class='ocrx_word' id='word_1_134' title='bbox 103 2323 254 2406; x_wconf 78' lang='lat' dir='ltr'><strong>quaedam</strong></span> <span class='ocrx_word' id='word_1_135' title='bbox 285 2320 374 2384; x_wconf 85' lang='lat' dir='ltr'><strong>attuli</strong></span> <span class='ocrx_word' id='word_1_136' title='bbox 403 2320 436 2384; x_wconf 89' lang='lat' dir='ltr'><strong>in</strong></span> <span class='ocrx_word' id='word_1_137' title='bbox 467 2318 539 2383; x_wconf 86' lang='lat' dir='ltr'><strong>diss.</strong></span> <span class='ocrx_word' id='word_1_138' title='bbox 572 2319 610 2383; x_wconf 89' lang='lat' dir='ltr'><strong>de</strong></span> <span class='ocrx_word' id='word_1_139' title='bbox 640 2301 757 2405; x_wconf 82' lang='lat' dir='ltr'><strong>antiqu.</strong></span> <span class='ocrx_word' id='word_1_140' title='bbox 794 2319 939 2404; x_wconf 82' lang='lat' dir='ltr'><strong>Aeschyli</strong></span> <span class='ocrx_word' id='word_1_141' title='bbox 971 2319 1189 2405; x_wconf 81' lang='lat' dir='ltr'><strong>interpretibus</strong></span> 
     </span>
     <span class='ocr_line' id='line_1_18' title="bbox 105 2429 1188 2518; baseline -0.005 -19"><span class='ocrx_word' id='word_1_142' title='bbox 105 2457 131 2518; x_wconf 91' lang='lat' dir='ltr'><strong>p.</strong></span> <span class='ocrx_word' id='word_1_143' title='bbox 159 2437 221 2499; x_wconf 81' lang='lat'><strong>113</strong></span> <span class='ocrx_word' id='word_1_144' title='bbox 232 2460 241 2512; x_wconf 68' lang='grc' dir='ltr'><strong><em>ς</em></strong></span> <span class='ocrx_word' id='word_1_145' title='bbox 266 2433 305 2497; x_wconf 83' lang='lat' dir='ltr'><strong>cf.</strong></span> <span class='ocrx_word' id='word_1_146' title='bbox 329 2431 493 2495; x_wconf 79' lang='lat' dir='ltr'><strong>Elmsleius</strong></span> <span class='ocrx_word' id='word_1_147' title='bbox 517 2430 555 2494; x_wconf 82' lang='grc'><strong>66</strong></span> <span class='ocrx_word' id='word_1_148' title='bbox 577 2429 651 2494; x_wconf 79' lang='lat' dir='ltr'><strong>Eur.</strong></span> <span class='ocrx_word' id='word_1_149' title='bbox 675 2431 759 2495; x_wconf 84' lang='lat' dir='ltr'><strong>Med.</strong></span> <span class='ocrx_word' id='word_1_150' title='bbox 786 2433 836 2497; x_wconf 79' lang='grc'><strong>67.</strong></span> <span class='ocrx_word' id='word_1_151' title='bbox 883 2430 960 2494; x_wconf 86' lang='lat' dir='ltr'><strong>Post</strong></span> <span class='ocrx_word' id='word_1_152' title='bbox 975 2437 1188 2512; x_wconf 69' lang='grc' dir='ltr'><em>παραφρυκτω-</em></span> 
     </span>
     <span class='ocr_line' id='line_1_19' title="bbox 107 2541 1189 2625; baseline -0.003 -17"><span class='ocrx_word' id='word_1_153' title='bbox 107 2547 251 2625; x_wconf 78' lang='grc' dir='ltr'><em>ρευόμενος</em></span> <span class='ocrx_word' id='word_1_154' title='bbox 274 2543 516 2607; x_wconf 76' lang='lat' dir='ltr'><strong>additamentum</strong></span> <span class='ocrx_word' id='word_1_155' title='bbox 539 2549 598 2614; x_wconf 81' lang='grc' dir='ltr'><em>τοῖς</em></span> <span class='ocrx_word' id='word_1_156' title='bbox 621 2541 769 2621; x_wconf 78' lang='grc' dir='ltr'><em>πολεμίοις</em></span> <span class='ocrx_word' id='word_1_157' title='bbox 791 2542 902 2607; x_wconf 87' lang='lat' dir='ltr'><strong>inutile</strong></span> <span class='ocrx_word' id='word_1_158' title='bbox 922 2548 967 2606; x_wconf 88' lang='grc'><strong>666</strong></span> <span class='ocrx_word' id='word_1_159' title='bbox 974 2568 984 2620; x_wconf 82' lang='lat'>3</span> <span class='ocrx_word' id='word_1_160' title='bbox 998 2542 1095 2606; x_wconf 89' lang='lat' dir='ltr'><strong>omnis</strong></span> <span class='ocrx_word' id='word_1_161' title='bbox 1108 2543 1189 2606; x_wconf 89' lang='lat' dir='ltr'><strong>enim</strong></span> 
     </span>
    </p>
   </div>
   <div class='ocr_carea' id='block_1_3' title="bbox 81 2635 1224 3164">
    <p class='ocr_par' dir='ltr' id='par_1_4' title="bbox 81 2635 1190 2958">
     <span class='ocr_line' id='line_1_20' title="bbox 81 2635 1189 2739; baseline -0.004 -17"><span class='ocrx_word' id='word_1_162' title='bbox 81 2644 397 2739; x_wconf 47' lang='grc' dir='ltr'><em>’παραφρυκτώρευσνς</em></span> <span class='ocrx_word' id='word_1_163' title='bbox 420 2655 451 2717; x_wconf 88' lang='lat' dir='ltr'><strong>in</strong></span> <span class='ocrx_word' id='word_1_164' title='bbox 476 2653 668 2718; x_wconf 86' lang='lat' dir='ltr'><strong>commodum</strong></span> <span class='ocrx_word' id='word_1_165' title='bbox 692 2653 828 2717; x_wconf 87' lang='lat' dir='ltr'><strong>hostium</strong></span> <span class='ocrx_word' id='word_1_166' title='bbox 843 2653 895 2717; x_wconf 82' lang='lat' dir='ltr'><strong>tit.</strong></span> <span class='ocrx_word' id='word_1_167' title='bbox 937 2635 1058 2718; x_wconf 83' lang='lat' dir='ltr'><strong>Vitium</strong></span> <span class='ocrx_word' id='word_1_168' title='bbox 1081 2654 1189 2738; x_wconf 89' lang='lat' dir='ltr'><strong>utique</strong></span> 
     </span>
     <span class='ocr_line' id='line_1_21' title="bbox 107 2754 1190 2851; baseline 0 -23"><span class='ocrx_word' id='word_1_169' title='bbox 107 2765 199 2832; x_wconf 73' lang='lat' dir='ltr'><strong>buida</strong></span> <span class='ocrx_word' id='word_1_170' title='bbox 230 2767 388 2851; x_wconf 81' lang='lat' dir='ltr'><strong>antiquius</strong></span> <span class='ocrx_word' id='word_1_171' title='bbox 412 2774 468 2830; x_wconf 92' lang='grc'>666.</span> <span class='ocrx_word' id='word_1_172' title='bbox 515 2764 562 2829; x_wconf 85' lang='lat' dir='ltr'><strong>Oi.</strong></span> <span class='ocrx_word' id='word_1_173' title='bbox 586 2765 672 2830; x_wconf 78' lang='lat' dir='ltr'><strong>said.</strong></span> <span class='ocrx_word' id='word_1_174' title='bbox 696 2788 744 2829; x_wconf 84' lang='lat' dir='ltr'><strong>vv.</strong></span> <span class='ocrx_word' id='word_1_175' title='bbox 768 2765 897 2847; x_wconf 78' lang='grc' dir='ltr'><em>Φρνκπός</em></span> <span class='ocrx_word' id='word_1_176' title='bbox 921 2772 952 2828; x_wconf 87' lang='grc'><strong>66</strong></span> <span class='ocrx_word' id='word_1_177' title='bbox 974 2754 1190 2846; x_wconf 80' lang='grc' dir='ltr'><em>παραφρυκτω-</em></span> 
     </span>
     <span class='ocr_line' id='line_1_22' title="bbox 105 2880 259 2958; baseline -0.006 -14"><span class='ocrx_word' id='word_1_178' title='bbox 105 2880 259 2958; x_wconf 80' lang='grc' dir='ltr'><em>ρευόμενος.</em></span> 
     </span>
    </p>

    <p class='ocr_par' dir='ltr' id='par_1_5' title="bbox 105 2985 1224 3164">
     <span class='ocr_line' id='line_1_23' title="bbox 145 2985 1224 3075; baseline -0.005 -20"><span class='ocrx_word' id='word_1_179' title='bbox 145 2992 161 3075; x_wconf 64' lang='lat' dir='ltr'><strong>b</strong></span> <span class='ocrx_word' id='word_1_180' title='bbox 186 2993 203 3056; x_wconf 85' lang='grc'>7</span> <span class='ocrx_word' id='word_1_181' title='bbox 208 2992 238 3054; x_wconf 81' lang='lat'><strong>2.</strong></span> <span class='ocrx_word' id='word_1_182' title='bbox 286 2988 414 3073; x_wconf 86' lang='lat' dir='ltr'><strong>Propter</strong></span> <span class='ocrx_word' id='word_1_183' title='bbox 436 2987 647 3072; x_wconf 89' lang='lat' dir='ltr'><strong>Phrynichum</strong></span> <span class='ocrx_word' id='word_1_184' title='bbox 663 2994 803 3052; x_wconf 79' lang='lat' dir='ltr'><strong>necatum</strong></span> <span class='ocrx_word' id='word_1_185' title='bbox 818 2985 1028 3070; x_wconf 78' lang='lat' dir='ltr'><strong>Thrasybulus</strong></span> <span class='ocrx_word' id='word_1_186' title='bbox 1052 2992 1083 3050; x_wconf 92' lang='lat' dir='ltr'><strong>et</strong></span> <span class='ocrx_word' id='word_1_187' title='bbox 1099 2987 1192 3072; x_wconf 86' lang='lat' dir='ltr'><strong>Apol·</strong></span> <span class='ocrx_word' id='word_1_188' title='bbox 1221 3010 1224 3019; x_wconf 89' lang='lat'>·</span> 
     </span>
     <span class='ocr_line' id='line_1_24' title="bbox 105 3096 1190 3164; baseline 0.001 -5"><span class='ocrx_word' id='word_1_189' title='bbox 105 3097 229 3164; x_wconf 89' lang='lat' dir='ltr'><strong>lodorus</strong></span> <span class='ocrx_word' id='word_1_190' title='bbox 262 3099 385 3163; x_wconf 75' lang='lat' dir='ltr'><strong>civitate</strong></span> <span class='ocrx_word' id='word_1_191' title='bbox 416 3097 523 3162; x_wconf 83' lang='lat' dir='ltr'><strong>donati</strong></span> <span class='ocrx_word' id='word_1_192' title='bbox 545 3098 618 3162; x_wconf 90' lang='lat' dir='ltr'><strong>olim</strong></span> <span class='ocrx_word' id='word_1_193' title='bbox 642 3105 724 3162; x_wconf 89' lang='lat' dir='ltr'><strong>sunt.</strong></span> <span class='ocrx_word' id='word_1_194' title='bbox 771 3096 848 3162; x_wconf 79' lang='lat' dir='ltr'><strong>llam</strong></span> <span class='ocrx_word' id='word_1_195' title='bbox 872 3096 994 3161; x_wconf 80' lang='lat' dir='ltr'><strong>caedem</strong></span> <span class='ocrx_word' id='word_1_196' title='bbox 1017 3096 1094 3160; x_wconf 82' lang='lat' dir='ltr'><strong>falso</strong></span> <span class='ocrx_word' id='word_1_197' title='bbox 1118 3121 1136 3161; x_wconf 89' lang='grc'><strong>6</strong></span> <span class='ocrx_word' id='word_1_198' title='bbox 1158 3120 1190 3161; x_wconf 86' lang='grc'><strong>66</strong></span> 
     </span>
    </p>
   </div>
   <div class='ocr_carea' id='block_1_4' title="bbox 4 3208 1207 3745">
    <p class='ocr_par' dir='ltr' id='par_1_6' title="bbox 4 3208 1207 3745">
     <span class='ocr_line' id='line_1_25' title="bbox 107 3208 1190 3295; baseline 0 -23"><span class='ocrx_word' id='word_1_199' title='bbox 107 3218 305 3295; x_wconf 79' lang='lat' dir='ltr'><strong>perpetratam</strong></span> <span class='ocrx_word' id='word_1_200' title='bbox 336 3209 485 3293; x_wconf 83' lang='lat' dir='ltr'><strong>glorietur</strong></span> <span class='ocrx_word' id='word_1_201' title='bbox 515 3211 686 3292; x_wconf 80' lang='lat' dir='ltr'><strong>Agoratus3</strong></span> <span class='ocrx_word' id='word_1_202' title='bbox 718 3230 789 3273; x_wconf 85' lang='lat' dir='ltr'><strong>nom</strong></span> <span class='ocrx_word' id='word_1_203' title='bbox 813 3209 838 3272; x_wconf 94' lang='lat' dir='ltr'><strong>si</strong></span> <span class='ocrx_word' id='word_1_204' title='bbox 861 3209 925 3272; x_wconf 90' lang='lat' dir='ltr'><strong>eius</strong></span> <span class='ocrx_word' id='word_1_205' title='bbox 948 3208 1048 3272; x_wconf 81' lang='lat' dir='ltr'><strong>laudis</strong></span> <span class='ocrx_word' id='word_1_206' title='bbox 1072 3215 1190 3292; x_wconf 83' lang='lat' dir='ltr'><strong>partem</strong></span> 
     </span>
     <span class='ocr_line' id='line_1_26' title="bbox 4 3318 1191 3404; baseline 0.003 -24"><span class='ocrx_word' id='word_1_207' title='bbox 4 3338 5 3343; x_wconf 50' lang='lat'>¹</span> <span class='ocrx_word' id='word_1_208' title='bbox 108 3318 171 3385; x_wconf 91' lang='lat' dir='ltr'><strong>iure</strong></span> <span class='ocrx_word' id='word_1_209' title='bbox 197 3321 257 3385; x_wconf 89' lang='lat' dir='ltr'><strong>sibi</strong></span> <span class='ocrx_word' id='word_1_210' title='bbox 281 3320 434 3384; x_wconf 83' lang='lat' dir='ltr'><strong>vindicare</strong></span> <span class='ocrx_word' id='word_1_211' title='bbox 457 3327 559 3404; x_wconf 86' lang='lat' dir='ltr'><strong>posset</strong></span> <span class='ocrx_word' id='word_1_212' title='bbox 582 3325 612 3383; x_wconf 88' lang='lat' dir='ltr'><strong>et</strong></span> <span class='ocrx_word' id='word_1_213' title='bbox 636 3326 795 3404; x_wconf 82' lang='lat' dir='ltr'><strong>propterea</strong></span> <span class='ocrx_word' id='word_1_214' title='bbox 818 3319 941 3382; x_wconf 78' lang='lat' dir='ltr'><strong>civitate</strong></span> <span class='ocrx_word' id='word_1_215' title='bbox 964 3318 1096 3383; x_wconf 84' lang='lat' dir='ltr'><strong>donatus</strong></span> <span class='ocrx_word' id='word_1_216' title='bbox 1119 3320 1191 3384; x_wconf 86' lang='lat' dir='ltr'><strong>fuis·</strong></span> 
     </span>
     <span class='ocr_line' id='line_1_27' title="bbox 4 3400 1192 3514; baseline 0.003 -24"><span class='ocrx_word' id='word_1_217' title='bbox 4 3400 5 3423; x_wconf 14' lang='grc' dir='ltr'><em>Χ</em></span> <span class='ocrx_word' id='word_1_218' title='bbox 110 3436 166 3507; x_wconf 82' lang='grc'>666,</span> <span class='ocrx_word' id='word_1_219' title='bbox 201 3430 310 3494; x_wconf 88' lang='lat' dir='ltr'><strong>eodem</strong></span> <span class='ocrx_word' id='word_1_220' title='bbox 332 3430 454 3494; x_wconf 86' lang='lat' dir='ltr'><strong>decreto</strong></span> <span class='ocrx_word' id='word_1_221' title='bbox 477 3452 547 3494; x_wconf 90' lang='lat' dir='ltr'><strong>cum</strong></span> <span class='ocrx_word' id='word_1_222' title='bbox 569 3429 759 3514; x_wconf 79' lang='lat' dir='ltr'><strong>Thrasybulo</strong></span> <span class='ocrx_word' id='word_1_223' title='bbox 783 3436 814 3494; x_wconf 88' lang='grc'><strong>66</strong></span> <span class='ocrx_word' id='word_1_224' title='bbox 836 3428 1026 3514; x_wconf 84' lang='lat' dir='ltr'><strong>Apollodoro</strong></span> <span class='ocrx_word' id='word_1_225' title='bbox 1050 3430 1116 3493; x_wconf 90' lang='lat' dir='ltr'><strong>eius</strong></span> <span class='ocrx_word' id='word_1_226' title='bbox 1139 3453 1192 3494; x_wconf 83' lang='lat' dir='ltr'><strong>no</strong></span> 
     </span>
     <span class='ocr_line' id='line_1_28' title="bbox 111 3537 1192 3624; baseline 0.004 -22"><span class='ocrx_word' id='word_1_227' title='bbox 111 3560 175 3604; x_wconf 91' lang='lat' dir='ltr'><strong>men</strong></span> <span class='ocrx_word' id='word_1_228' title='bbox 198 3542 424 3606; x_wconf 87' lang='lat' dir='ltr'><strong>contineretur:</strong></span> <span class='ocrx_word' id='word_1_229' title='bbox 449 3541 502 3606; x_wconf 77' lang='grc' dir='ltr'><strong>ἔδει</strong></span> <span class='ocrx_word' id='word_1_230' title='bbox 526 3540 613 3604; x_wconf 79' lang='grc' dir='ltr'><em>αὐτὸν</em></span> <span class='ocrx_word' id='word_1_231' title='bbox 636 3542 665 3605; x_wconf 83' lang='grc' dir='ltr'><strong>ἕν</strong></span> <span class='ocrx_word' id='word_1_232' title='bbox 688 3550 725 3622; x_wconf 85' lang='grc' dir='ltr'><strong>τή</strong></span> <span class='ocrx_word' id='word_1_233' title='bbox 750 3543 826 3620; x_wconf 76' lang='grc' dir='ltr'><em>αὐτῇ</em></span> <span class='ocrx_word' id='word_1_234' title='bbox 850 3541 959 3624; x_wconf 75' lang='grc' dir='ltr'><em>στήλή,</em></span> <span class='ocrx_word' id='word_1_235' title='bbox 984 3537 1031 3605; x_wconf 79' lang='grc' dir='ltr'><strong>ἵνα</strong></span> <span class='ocrx_word' id='word_1_236' title='bbox 1052 3565 1106 3623; x_wconf 86' lang='grc' dir='ltr'><strong>περ</strong></span> <span class='ocrx_word' id='word_1_237' title='bbox 1118 3552 1192 3621; x_wconf 89' lang='grc' dir='ltr'><em>Θρα-</em></span> 
     </span>
     <span class='ocr_line' id='line_1_29' title="bbox 111 3649 1207 3745; baseline 0.003 -32"><span class='ocrx_word' id='word_1_238' title='bbox 111 3649 247 3728; x_wconf 83' lang='grc' dir='ltr'><em>ὀν’βουλον</em></span> <span class='ocrx_word' id='word_1_239' title='bbox 277 3654 326 3718; x_wconf 72' lang='grc' dir='ltr'><strong>καὶ</strong></span> <span class='ocrx_word' id='word_1_240' title='bbox 357 3651 585 3735; x_wconf 74' lang='grc' dir='ltr'><em>Ἀπολλόδωρον,</em></span> <span class='ocrx_word' id='word_1_241' title='bbox 616 3654 762 3727; x_wconf 75' lang='grc' dir='ltr'><em>Ἀθηναῖον</em></span> <span class='ocrx_word' id='word_1_242' title='bbox 784 3652 971 3731; x_wconf 69' lang='grc' dir='ltr'><em>πεποιημένον</em></span> <span class='ocrx_word' id='word_1_243' title='bbox 984 3698 992 3714; x_wconf 92' lang='grc'><strong>.</strong></span> <span class='ocrx_word' id='word_1_244' title='bbox 1007 3700 1036 3716; x_wconf 90' lang='grc'><strong>..</strong></span> <span class='ocrx_word' id='word_1_245' title='bbox 1060 3653 1102 3717; x_wconf 73' lang='grc' dir='ltr'><strong>τὰ</strong></span> <span class='ocrx_word' id='word_1_246' title='bbox 1123 3654 1207 3745; x_wconf 13' lang='grc' dir='ltr'><strong>μὲν-1</strong></span> 
     </span>
    </p>
   </div>
   <div class='ocr_carea' id='block_1_5' title="bbox 4 3762 1191 3845">
    <p class='ocr_par' dir='ltr' id='par_1_7' title="bbox 4 3762 1191 3845">
     <span class='ocr_line' id='line_1_30' title="bbox 4 3762 1191 3845; baseline 0.007 -23"><span class='ocrx_word' id='word_1_247' title='bbox 4 3764 5 3779; x_wconf 70' lang='grc'>’</span> <span class='ocrx_word' id='word_1_248' title='bbox 114 3783 151 3826; x_wconf 85' lang='grc' dir='ltr'><strong>τον</strong></span> <span class='ocrx_word' id='word_1_249' title='bbox 187 3762 318 3840; x_wconf 77' lang='grc' dir='ltr'><em>ὀνόματα</em></span> <span class='ocrx_word' id='word_1_250' title='bbox 348 3763 573 3843; x_wconf 71' lang='grc' dir='ltr'><em>διαπρήσσονται</em></span> <span class='ocrx_word' id='word_1_251' title='bbox 604 3764 644 3828; x_wconf 71' lang='grc' dir='ltr'><strong>τοὶ</strong></span> <span class='ocrx_word' id='word_1_252' title='bbox 674 3770 756 3845; x_wconf 72' lang='grc' dir='ltr'><em>σφῶν</em></span> <span class='ocrx_word' id='word_1_253' title='bbox 788 3767 899 3840; x_wconf 78' lang='grc' dir='ltr'><em>αὐτῶν,</em></span> <span class='ocrx_word' id='word_1_254' title='bbox 934 3762 1028 3836; x_wconf 73' lang='grc' dir='ltr'><em>δόντες</em></span> <span class='ocrx_word' id='word_1_255' title='bbox 1061 3764 1191 3845; x_wconf 72' lang='grc' dir='ltr'><em>οὲρνύρνον</em></span> 
     </span>
    </p>
   </div>
   <div class='ocr_carea' id='block_1_6' title="bbox 114 3874 1190 3967">
    <p class='ocr_par' dir='ltr' id='par_1_8' title="bbox 114 3874 1190 3967">
     <span class='ocr_line' id='line_1_31' title="bbox 114 3874 1190 3967; baseline 0.009 -35"><span class='ocrx_word' id='word_1_256' title='bbox 114 3874 150 3950; x_wconf 75' lang='grc' dir='ltr'><strong>τῷ</strong></span> <span class='ocrx_word' id='word_1_257' title='bbox 179 3876 285 3956; x_wconf 78' lang='grc' dir='ltr'><em>ῥήτορι,</em></span> <span class='ocrx_word' id='word_1_258' title='bbox 319 3881 538 3956; x_wconf 75' lang='grc' dir='ltr'><em>προςρραφήνοον</em></span> <span class='ocrx_word' id='word_1_259' title='bbox 566 3875 606 3946; x_wconf 76' lang='grc' dir='ltr'><strong>εἰς</strong></span> <span class='ocrx_word' id='word_1_260' title='bbox 637 3877 688 3950; x_wconf 85' lang='grc' dir='ltr'><strong>τήν</strong></span> <span class='ocrx_word' id='word_1_261' title='bbox 718 3877 828 3951; x_wconf 79' lang='grc' dir='ltr'><em>στήλήν</em></span> <span class='ocrx_word' id='word_1_262' title='bbox 850 3876 887 3947; x_wconf 78' lang='grc' dir='ltr'><strong>ὡς</strong></span> <span class='ocrx_word' id='word_1_263' title='bbox 909 3875 1064 3967; x_wconf 67' lang='grc' dir='ltr'><em>εὐεργέτας</em></span> <span class='ocrx_word' id='word_1_264' title='bbox 1088 3874 1190 3947; x_wconf 75' lang='grc' dir='ltr'><em>ὄντας.</em></span> 
     </span>
    </p>
   </div>
   <div class='ocr_carea' id='block_1_7' title="bbox 117 4093 1224 4511">
    <p class='ocr_par' dir='ltr' id='par_1_9' title="bbox 117 4093 1224 4511">
     <span class='ocr_line' id='line_1_32' title="bbox 117 4093 1190 4181; baseline -0.001 -18"><span class='ocrx_word' id='word_1_265' title='bbox 117 4093 211 4168; x_wconf 65' lang='lat' dir='ltr'><strong>thiros</strong></span> <span class='ocrx_word' id='word_1_266' title='bbox 234 4095 351 4181; x_wconf 81' lang='lat' dir='ltr'><strong>aliquid</strong></span> <span class='ocrx_word' id='word_1_267' title='bbox 374 4095 563 4160; x_wconf 86' lang='lat' dir='ltr'><strong>intercidisse</strong></span> <span class='ocrx_word' id='word_1_268' title='bbox 585 4095 677 4160; x_wconf 82' lang='lat' dir='ltr'><strong>hodic</strong></span> <span class='ocrx_word' id='word_1_269' title='bbox 699 4097 743 4160; x_wconf 84' lang='lat' dir='ltr'><strong>its</strong></span> <span class='ocrx_word' id='word_1_270' title='bbox 766 4102 902 4173; x_wconf 85' lang='lat' dir='ltr'><strong>constat,</strong></span> <span class='ocrx_word' id='word_1_271' title='bbox 927 4102 962 4159; x_wconf 95' lang='lat' dir='ltr'><strong>ut</strong></span> <span class='ocrx_word' id='word_1_272' title='bbox 984 4098 1190 4180; x_wconf 81' lang='lat' dir='ltr'><strong>quaerendum</strong></span> 
     </span>
     <span class='ocr_line' id='line_1_33' title="bbox 119 4206 1192 4295; baseline 0.003 -27"><span class='ocrx_word' id='word_1_273' title='bbox 119 4208 233 4271; x_wconf 78' lang='lat' dir='ltr'><strong>tantum</strong></span> <span class='ocrx_word' id='word_1_274' title='bbox 256 4207 296 4271; x_wconf 89' lang='lat' dir='ltr'><strong>sit</strong></span> <span class='ocrx_word' id='word_1_275' title='bbox 319 4228 397 4292; x_wconf 85' lang='lat' dir='ltr'><strong>quse</strong></span> <span class='ocrx_word' id='word_1_276' title='bbox 423 4208 535 4271; x_wconf 83' lang='lat' dir='ltr'><strong>omisso</strong></span> <span class='ocrx_word' id='word_1_277' title='bbox 554 4208 625 4272; x_wconf 85' lang='lat' dir='ltr'><strong>sint.</strong></span> <span class='ocrx_word' id='word_1_278' title='bbox 671 4206 744 4287; x_wconf 88' lang='lat' dir='ltr'><strong>Non</strong></span> <span class='ocrx_word' id='word_1_279' title='bbox 766 4230 831 4272; x_wconf 91' lang='grc'>6666</span> <span class='ocrx_word' id='word_1_280' title='bbox 853 4214 954 4292; x_wconf 86' lang='lat' dir='ltr'><strong>potest</strong></span> <span class='ocrx_word' id='word_1_281' title='bbox 976 4208 1009 4271; x_wconf 92' lang='lat' dir='ltr'><strong>in</strong></span> <span class='ocrx_word' id='word_1_282' title='bbox 1031 4209 1192 4295; x_wconf 87' lang='lat' dir='ltr'><strong>postremis</strong></span> 
     </span>
     <span class='ocr_line' id='line_1_34' title="bbox 120 4313 1192 4404; baseline 0.006 -27"><span class='ocrx_word' id='word_1_283' title='bbox 120 4313 166 4394; x_wconf 73' lang='grc' dir='ltr'><strong>(τὰ</strong></span> <span class='ocrx_word' id='word_1_284' title='bbox 186 4318 293 4402; x_wconf 56' lang='grc' dir='ltr'><em>μέντοι)</em></span> <span class='ocrx_word' id='word_1_285' title='bbox 317 4339 414 4380; x_wconf 89' lang='lat' dir='ltr'><strong>sermo</strong></span> <span class='ocrx_word' id='word_1_286' title='bbox 435 4317 475 4381; x_wconf 77' lang='lat' dir='ltr'><strong>rie</strong></span> <span class='ocrx_word' id='word_1_287' title='bbox 499 4338 534 4381; x_wconf 90' lang='lat' dir='ltr'><strong>eo</strong></span> <span class='ocrx_word' id='word_1_288' title='bbox 558 4317 640 4401; x_wconf 88' lang='lat' dir='ltr'><strong>quod</strong></span> <span class='ocrx_word' id='word_1_289' title='bbox 664 4319 729 4381; x_wconf 88' lang='lat' dir='ltr'><strong>fieri</strong></span> <span class='ocrx_word' id='word_1_290' title='bbox 751 4317 864 4396; x_wconf 81' lang='lat' dir='ltr'><strong>soleat,</strong></span> <span class='ocrx_word' id='word_1_291' title='bbox 889 4317 972 4402; x_wconf 86' lang='lat' dir='ltr'><strong>quod</strong></span> <span class='ocrx_word' id='word_1_292' title='bbox 993 4321 1110 4404; x_wconf 75' lang='lat' dir='ltr'><strong>magnis</strong></span> <span class='ocrx_word' id='word_1_293' title='bbox 1131 4343 1192 4385; x_wconf 85' lang='lat' dir='ltr'><strong>ver·</strong></span> 
     </span>
     <span class='ocr_line' id='line_1_35' title="bbox 123 4410 1224 4511; baseline 0.007 -24"><span class='ocrx_word' id='word_1_294' title='bbox 123 4420 221 4491; x_wconf 86' lang='lat' dir='ltr'><strong>borum</strong></span> <span class='ocrx_word' id='word_1_295' title='bbox 251 4426 429 4511; x_wconf 77' lang='lat' dir='ltr'><strong>amhagibus</strong></span> <span class='ocrx_word' id='word_1_296' title='bbox 460 4428 596 4492; x_wconf 86' lang='lat' dir='ltr'><strong>evincere</strong></span> <span class='ocrx_word' id='word_1_297' title='bbox 627 4436 754 4492; x_wconf 83' lang='lat' dir='ltr'><strong>conatus</strong></span> <span class='ocrx_word' id='word_1_298' title='bbox 785 4436 830 4491; x_wconf 87' lang='grc'><strong>666</strong></span> <span class='ocrx_word' id='word_1_299' title='bbox 861 4426 1002 4493; x_wconf 85' lang='lat' dir='ltr'><strong>Reiskius</strong></span> <span class='ocrx_word' id='word_1_300' title='bbox 1029 4431 1063 4497; x_wconf 88' lang='lat' dir='ltr'><strong>in</strong></span> <span class='ocrx_word' id='word_1_301' title='bbox 1085 4432 1190 4496; x_wconf 79' lang='lat' dir='ltr'><strong>veriet.</strong></span> <span class='ocrx_word' id='word_1_302' title='bbox 1222 4410 1224 4414; x_wconf 19' lang='grc' dir='ltr'>ι</span> 
     </span>
    </p>
   </div>
   <div class='ocr_carea' id='block_1_8' title="bbox 0 0 1506 5238">
    <p class='ocr_par' dir='ltr' id='par_1_10' title="bbox 0 0 1506 5238">
     <span class='ocr_line' id='line_1_36' title="bbox 0 0 1506 5238; baseline 0 0"><span class='ocrx_word' id='word_1_303' title='bbox 0 0 1506 5238; x_wconf 95' lang='lat' dir='ltr'><strong> </strong></span> 
     </span>
    </p>
   </div>
  </div>
 </body>
</html>
