2958 5238
609 509 648 568 89

96 706 212 770 modum
236 707 376 790 frequens
399 706 459 769 iam
482 706 553 770 inde
576 706 614 770 ab
638 705 772 773 Homero
796 714 841 769 est
852 704 1037 770 consociatio
1053 709 1168 766 eontra·

95 819 216 894 riorum,
241 817 281 882 ad
304 817 448 882 maiorem
472 818 602 882 orationi
625 818 784 902 emphasin
807 816 1038 882 conciliandam.
1063 811 1169 893 Ἕκτορ

28 934 32 953 “
96 929 154 993 insi
172 953 211 1005 με
232 928 299 993 κοτ’
322 924 409 995 aleas
431 929 574 1001 ἐνοίκεσονς
596 929 651 994 οὐδ’
672 931 740 1009 ὑπὲρ
757 926 858 1005 attat,
875 925 978 992 Itur.
998 929 1078 1002 333;
1095 925 1166 1003 μὰψ

95 1039 165 1118 trop
194 1042 224 1104 ού
254 1042 334 1107 κοντοὶ
364 1041 486 1119 κόσμον,
507 1040 565 1105 Od.
590 1041 651 1105 ΠΙ.
678 1044 740 1106 138
765 1049 796 1105 et
819 1041 857 1104 al.
893 1037 1038 1102 Similiter
1060 1034 1169 1120 tragici

95 1151 189 1225 ννιοτύν
212 1153 280 1215 κούκ
301 1147 441 1228 dyvous,
466 1150 558 1236 Soph.
583 1150 657 1216 Oll'.
683 1154 735 1217 58.
767 1152 847 1217 Phil.
871 1149 1082 1217 771ιὲκύντοι,
1096 1145 1167 1223 pald

95 1261 196 1327 ύκοντοι
224 1301 270 1310 -
298 1263 433 1339 astaron.
479 1261 554 1326 Off.
589 1266 691 1328 123οε
723 1266 804 1329 aaa&
835 1262 936 1329 ἓκύντοι
956 1264 1023 1327 κούκ
1049 1258 1167 1324 ούκοντον.

97 1371 239 1458 Opposita
261 1373 451 1438 substantiva
475 1376 629 1460 componit.
653 1375 828 1440 Herodotus
848 1373 892 1438 H.
912 1375 991 1438 172:
1016 1372 1103 1452 σοφίρ
1118 1370 1169 1432 οιύ-

38 1496 40 1505 ’
96 1486 155 1555 τοὺς
176 1486 189 1550 ὁ
207 1486 358 1562 Ἄμασις,
388 1487 438 1549 οὐκ
459 1487 650 1565 οὶγνωρνοσύνρ
672 1487 882 1566 τροςννύγετο.
931 1483 1024 1570 Apud
1046 1481 1169 1567 Lysiam

99 1596 143 1658 18.
168 1598 185 1657 2
210 1602 258 1659 est
279 1593 334 1661 ὅσοι
358 1595 382 1661 δ’
402 1599 434 1661 ού
456 1596 628 1675 βουλόμενος
653 1601 724 1663 ἀλλ’
741 1595 817 1663 ἄκων
841 1595 1008 1674 ἦνορνύσύν
1036 1601 1168 1674 σονύσοιι,

97 1706 143 1789 qui
165 1706 250 1771 loeus
274 1728 345 1771 sane
369 1708 523 1772 verbosior
544 1717 606 1787 est;
623 1709 677 1774 sed
693 1710 730 1773 of.
747 1708 835 1773 Dem.
853 1710 883 1771 2.
902 1709 959 1784 16,
975 1705 1046 1790 Lys.
1065 1707 1116 1767 24.
1134 1709 1170 1767 4:

96 1815 138 1880 aa)
168 1818 226 1897 γὰρ
256 1820 297 1898 τῷ
327 1819 442 1896 σύροοιτι
468 1819 603 1884 δύνοισύονι
626 1820 675 1885 nal
699 1824 748 1885 οὐκ
771 1814 840 1885 εἶνοιν
863 1824 919 1883 τῶν
941 1814 1097 1882 οέδννύοτνον.
1122 1812 1168 1877 Of.

98 1927 179 1991 etiam
201 1929 280 1992 infra
302 1931 319 2014 o
343 1932 399 2007 22,
424 1930 481 1995 sub
504 1930 542 1994 f.:
571 1937 630 2002 τῶν
654 1934 704 1997 ούκ
730 1930 766 1996 ἂν
789 1918 955 2007 didymei
978 1930 994 2003 ἡ
1017 1927 1109 2004 βουλὴ
1132 1927 1169 1989 si·

97 2045 152 2102 τεῒν
180 2041 222 2104 τοὶ
252 2040 384 2117 ύνύμοιτοι
408 2041 556 2122 Θούκριτον
577 2042 625 2106 κού
649 2044 691 2119 μὴ
716 2042 858 2118 ν’ννύνομον
881 2041 932 2114 τὴν
954 2039 1072 2116 μήνυσιν
1095 2037 1172 2110 τοιύ·

99 2150 204 2216 οοσύοιν.
252 2149 342 2215 Item?
374 2154 426 2215 20.
454 2153 533 2215 138:
562 2154 585 2217 sl
609 2152 638 2216 δὲ
659 2159 743 2217 τοῦτο
766 2151 922 2231 φεύξονται
945 2149 994 2214 κού
1017 2149 1059 2227 μὴ
1078 2146 1171 2220 ilead-

99 2282 166 2324 τονσν
197 2270 295 2329 ποιεῖν.
343 2262 402 2327 Sed
433 2263 577 2328 maiorem
612 2264 822 2329 difficultatem
853 2261 1012 2348 sequentia
1041 2258 1172 2323 habent:

99 2365 164 2443 ύτοιο
186 2374 344 2455 πιστότεροι
367 2376 433 2443 ὑννῑν
457 2376 652 2458 ὑποφαίνοιτο.
698 2375 862 2461 Exspeotes
891 2375 1070 2453 τιστύτερος,
1097 2370 1170 2434 nim.

101 2482 259 2564 Ἀνύροιτος.
306 2485 401 2549 Porro
432 2486 616 2568 danmatione
647 2493 757 2551 σοοούοοι
781 2493 942 2572 appareret
964 2484 1001 2548 ab
1023 2484 1082 2547 hoo
1104 2481 1172 2544 looo

101 2591 232 2658 alienum.
280 2595 340 2659 Pro
366 2605 554 2663 ΤΜΙΝΤΠΟ
581 2598 649 2682 lego
676 2607 898 2670 HMHNTCIC,
922 2594 997 2667 ύτιος
1017 2594 1173 2670 τνστοτέρον

101 2706 249 2781 instaura
272 2707 413 2787 φαίνοντο.
460 2706 526 2772 Neo
556 2706 706 2772 offendere
735 2707 827 2773 debet
849 2705 1032 2772 vocabulum
1054 2704 1172 2780 μήνυσις

102 2817 211 2900 saepius
240 2819 389 2902 positum3
425 2819 462 2882 ef.
491 2842 530 2883 ne
560 2819 682 2904 longius
714 2819 819 2884 abeam
857 2821 874 2904 p
904 2820 965 2894 20,
997 2814 1051 2879 ubi
1080 2814 1172 2891 βουλή

102 2935 199 3007 quater
222 2929 364 3013 ponitur3
388 2928 432 2993 ibi
454 2929 547 2993 semel
570 2929 694 3015 quidem
718 2929 920 2994 omittendum
943 2927 1020 2992 mihi
1035 2925 1173 2989 videtur:

102 3036 121 3099 oi
147 3039 204 3120 γύνρ
234 3040 336 3105 πολλοὶ
367 3041 390 3104 οἱ
424 3039 456 3116 ἐξ
483 3041 589 3116 ἐκείνης
613 3050 664 3115 τῆς
687 3041 796 3118 βουλῆς
818 3043 869 3115 τὴν
892 3040 1012 3121 ὑστέρον
1037 3035 1172 3121 [βουλήν]

102 3149 146 3221 τὴν
166 3150 212 3214 ἐτὶ
236 3157 291 3216 τῶν
313 3132 650 3229 τρνύκοντονέβούλεοον.
697 3152 824 3237 Saepius
847 3151 892 3216 ibi
909 3149 1109 3215 nihilominus
1124 3168 1176 3209 vo-

15 3330 16 3333 ,
103 3258 236 3325 sabulum
258 3262 399 3347 ponitur,
430 3285 521 3347 quam
545 3285 614 3328 oum
638 3263 770 3348 eleganti
792 3271 823 3327 et
846 3263 987 3349 diligenti
1010 3261 1081 3324 stilo
1105 3280 1175 3323 eon·

15 3366 16 3369 ’
103 3371 194 3436 venne
216 3374 355 3438 videatur
362 3401 371 3453 3
396 3397 491 3459 quum
514 3376 690 3461 praesertim
713 3376 746 3439 in
769 3375 873 3440 eadem
897 3375 1028 3439 sectione
1049 3370 1178 3435 verbum·

105 3478 239 3553 βουλεύειν
270 3484 317 3549 bis
347 3492 490 3570 ponatur.
519 3484 566 3550 of.
592 3486 684 3550 etiam
705 3489 722 3573 d
746 3489 786 3551 51
811 3495 842 3550 et
863 3488 880 3571 ξ
902 3488 955 3562 tt,
980 3484 1034 3549 ubi
1058 3482 1177 3547 etiamsi

106 3589 203 3665 τύλειος
225 3595 319 3659 semel
342 3595 547 3660 omittendum
570 3598 626 3675 sit,
651 3604 745 3662 restat
767 3606 869 3679 tamen
892 3597 970 3662 illud
994 3595 1177 3660 vocabulum

14 3732 16 3773 2
107 3706 146 3764 ter
172 3706 322 3789 positnm3
352 3705 483 3790 denique
513 3710 565 3770 26.
600 3710 651 3773 12.
698 3707 758 3772 Sed
786 3716 911 3794 apparet
934 3709 965 3772 in
989 3707 1047 3772 hoo
1070 3729 1179 3792 genere

109 3814 213 3880 Atticos
237 3817 337 3885 minus
360 3827 466 3881 cautos
485 3817 587 3882 fuisse.

75 3945 81 3957 ·
145 3927 228 4010 ύ22.
275 3927 346 3994 εἷνονι
377 3931 485 4010 ἕτέρονς
515 3927 541 3994 οἳ
563 3932 652 4012 ἐροῦσι
675 3933 716 3996 τοὶ
738 3932 886 4013 ύνύμοοτον,
911 3932 998 4002 ονύτός
1021 3930 1044 3994 δ’
1068 3932 1117 3994 ούνν
1140 3928 1175 3993 ἐν

109 4058 170 4100 τοτε
193 4049 308 4116 τοιῆσονν
337 4046 469 4105 τοῦτον.
497 4041 589 4105 κοιίτοι
613 4043 636 4105 εἰ
659 4043 701 4119 μὴ
724 4044 756 4106 ἐκ
779 4051 964 4120 πονρονσκενῆς
987 4038 1174 4120 ἐμηνύετο,

110 4151 161 4219 πῶς
186 4153 234 4215 οὐκ
261 4148 298 4215 dv
328 4150 493 4228 ύνύρκοισεν
524 4153 540 4226 ἡ
571 4151 664 4229 βουλὴ
688 4153 777 4216 εἰπεῖν
799 4148 992 4229 τύιύνύμοιτον
1016 4150 1175 4231 Θούκριτον.

111 4253 138 4318 Si
164 4258 196 4325 de
226 4261 379 4326 delatione
411 4262 590 4347 apluribus
613 4264 693 4327 faeta
716 4270 856 4348 ageretur
879 4287 941 4328 non
963 4264 1075 4327 mirum
1098 4260 1189 4327 esset
1227 4276 1229 4279 ’

113 4372 249 4449 passivum
280 4374 498 4458 impersonale3
535 4373 587 4436 sed
618 4374 650 4437 iu
681 4374 827 4458 proximis
857 4374 895 4437 de
925 4397 987 4438 uno
1015 4374 1176 4438 'Pheoorito

115 4479 208 4563 agitur.
253 4485 290 4549 In
315 4485 522 4574 superioribus
545 4491 644 4550 τοῦτον
670 4507 732 4549 non
756 4494 836 4551 reete
858 4485 1013 4564 sehabet,
1032 4486 1178 4572 quoniam
