2958 5238
813 408 874 504 rso

299 640 445 724 pecuniae
476 640 551 704 elam
582 648 651 705 ante
681 639 761 704 hona
783 640 939 725 publicata
962 649 1129 727 surruptae.
1177 643 1278 727 Igitur
1301 644 1381 730 quod*

298 752 349 816 hic
372 752 496 817 haberet
519 752 643 837 publica
666 751 763 829 bona,
788 753 853 815 eius
877 774 924 815 res
940 751 1097 816 familiaris
1112 754 1185 817 fisco
1200 755 1380 819 vindicatur.

298 862 343 926 lla
367 886 457 928 causa
479 885 561 928 nuno
585 865 703 947 agitur;
728 863 803 927 dicit
825 863 908 927 filius
931 866 1066 929 accusati
1073 892 1083 944 3
1108 866 1172 950 ipse
1196 867 1278 930 enim
1302 888 1383 930 socer

298 981 368 1038 ante
391 974 539 1039 iudicium
563 974 731 1039 decesserat
755 976 782 1060 (5
806 976 868 1058 62).
1241 968 1242 971 '

341 1088 574 1155 Ostendendum
604 1091 698 1176 igitur
728 1097 792 1154 erat
820 1098 851 1155 et
874 1089 1110 1175 Aristophanem
1134 1113 1196 1155 nou
1220 1091 1311 1176 plura
1334 1092 1381 1155 ha·

297 1205 413 1284 buisse,
446 1229 538 1291 quam
569 1206 649 1291 apud
681 1228 750 1270 eum
780 1206 938 1270 inventum
970 1207 1056 1270 etin
1080 1206 1380 1271 serariumrelatum

298 1330 393 1398 esset,
417 1328 462 1399 et,
488 1321 513 1384 si
536 1320 583 1385 vel
605 1322 735 1386 maxime
757 1320 847 1405 plura
870 1319 1042 1396 habuisset,
1067 1343 1129 1384 nou
1145 1321 1305 1405 probabile
1321 1343 1380 1385 esse

298 1436 372 1499 haec
396 1458 498 1500 socero
522 1435 560 1500 ab
584 1458 618 1500 eo
642 1436 757 1501 credita
779 1437 882 1500 baisse.

341 1550 442 1635 Igitur
471 1550 545 1616 haec
575 1550 717 1636 deinceps
750 1557 954 1637 exponuntur.
1000 1551 1140 1615 Primum
1164 1551 1246 1615 enim
1273 1558 1380 1615 sortem

296 1688 383 1730 suam
412 1666 551 1751 iniquam
580 1667 756 1742 miseratur,
790 1665 872 1750 quod
903 1687 987 1729 soror
1018 1666 1248 1751 (Aristophanis
1281 1666 1379 1748 vidua)

297 1799 367 1841 cnm
396 1776 500 1841 liberis
530 1777 589 1841 iam
620 1777 678 1841 sihi
710 1777 818 1841 alenda
844 1778 885 1840 sit
907 1799 942 1840 eo
965 1786 1102 1862 tempore
1125 1799 1186 1863 quo
1209 1776 1378 1841 haereditas

296 1893 390 1976 patris
420 1893 452 1957 in
484 1891 646 1957 discrimen
675 1894 777 1956 veniat
809 1895 865 1974 (-
886 1894 903 1977 p
928 1894 992 1977 11).
1039 1891 1119 1956 Tum
1143 1892 1377 1977 Aristophanem

296 2004 421 2087 eiusque
452 2011 567 2090 patrem
602 2002 827 2090 Nicophemum
859 2027 922 2068 non
960 2003 1070 2068 divites
1105 2004 1199 2068 fuisse
1231 2004 1378 2079 ostendit,

295 2137 351 2179 nee
375 2124 491 2200 patrem
514 2138 603 2179 suum
627 2123 750 2202 propter
772 2115 894 2179 divitias
909 2114 988 2178 hano
1004 2114 1181 2179 affinitatem
1197 2115 1379 2198 quaesivisse

295 2226 350 2309 (-
376 2228 393 2311 b
418 2229 482 2309 17).
529 2225 601 2304 Non
624 2249 750 2310 magna,
774 2226 892 2310 inquit,
917 2232 1022 2310 postea
1045 2225 1235 2290 familiaritas
1257 2227 1380 2290 interce

297 2337 388 2402 debat
411 2339 490 2401 inter
513 2338 750 2424 Aristophanem
772 2344 803 2401 et
826 2339 892 2402 eius
911 2360 1049 2402 socerum
1071 2340 1099 2423 (b
1120 2339 1189 2422 18),
1210 2359 1245 2401 ac
1263 2343 1379 2401 tantum

295 2450 399 2513 aberat
421 2456 457 2514 ut
480 2472 583 2513 socero
603 2473 638 2514 ex
659 2451 720 2514 suis
741 2449 828 2513 bonis
845 2448 961 2534 aliquid
981 2450 1202 2526 committeret,
1220 2455 1257 2511 ut
1279 2456 1379 2512 contra

294 2560 332 2625 ab
363 2560 420 2624 hoc
451 2560 616 2647 aliquando
646 2569 786 2625 mutuam
817 2561 958 2623 sumserit
988 2561 1149 2645 pecuniam
1180 2561 1236 2644 (-
1267 2560 1286 2643 b
1318 2560 1377 2640 24).

294 2672 513 2757 Aristophanes
544 2672 576 2736 in
606 2669 750 2756 Cypriam
780 2669 1003 2756 expeditionem
1030 2670 1133 2733 omnia
1155 2670 1319 2749 insumsit,
1343 2690 1376 2732 ex

294 2805 354 2867 qua
376 2783 470 2847 redux
495 2782 657 2846 damnatus
681 2787 727 2845 est
751 2782 807 2865 (—
831 2783 897 2865 27).
938 2779 1172 2865 Comparatione
1195 2802 1266 2844 cum
1287 2779 1379 2844 Ocno

293 2895 341 2958 nis
373 2895 459 2959 bonis
486 2893 629 2957 instituta
660 2892 833 2956 ostenditur
861 2914 922 2955 non
952 2890 1153 2977 improbabile
1177 2913 1241 2955 esse
1264 2893 1376 2955 Aristo
1408 2930 1410 2935 ,

292 3005 424 3091 phanem
446 3027 508 3068 non
532 3004 621 3088 plura
643 3004 785 3068 habuisse
810 2998 865 3087 (έ-
879 3005 896 3088 b
911 3005 976 3088 44).
1012 3002 1054 3066 Et
1067 3003 1188 3087 saepius
1205 3007 1374 3066 erraverunt

292 3118 324 3180 in
345 3117 554 3180 aestimatione
577 3114 727 3179 bonorum
755 3113 958 3178 Athenienses
982 3114 1037 3197 (-
1061 3115 1125 3198 52).
1160 3112 1235 3176 Post
1257 3112 1373 3177 brevem

293 3237 541 3313 argumentorum
575 3228 786 3313 repetitionem
821 3227 885 3310 (55)
921 3225 1035 3289 desinit
1066 3226 1113 3288 in<
1129 3225 1223 3309 patris
1256 3223 1374 3305 suisque
1401 3204 1403 3211 Α

291 3340 428 3404 moribus
451 3344 482 3402 et
504 3339 620 3403 meritis
643 3339 676 3402 in
698 3336 919 3421 rempublicam
943 3336 1201 3400 commendandis.

335 3450 449 3513 Misera
478 3459 541 3513 erat
572 3449 760 3513 iudiciorum
790 3448 868 3512 ratio
901 3469 936 3511 eo
968 3454 1119 3532 tempore,
1150 3446 1234 3532 quod
1265 3443 1373 3509 bellum

291 3522 599 3655 Peloponnesiacum}
607 3559 743 3644 proxime
768 3564 907 3622 secutum
932 3565 995 3635 est,
1020 3579 1116 3641 quum
1139 3580 1193 3642 per
1216 3558 1260 3621 fas
1285 3566 1315 3621 et
1330 3574 1373 3617 ne-

290 3673 334 3737 fas
363 3672 511 3737 exhausto
541 3658 656 3735 aelario
687 3669 849 3735 subvenire
872 3677 1058 3732 conarentur
1081 3668 1294 3733 Athenienses.
1329 3661 1371 3726 uf.

290 3784 411 3850 Nicom.
431 3786 497 3868 (30)
522 3761 680 3855 &aalide
703 3779 745 3847 dre
769 3784 785 3858 ἡ
808 3781 901 3858 βουλὴ
925 3783 942 3857 ν)
965 3781 1011 3845 ἀεὶ
1032 3781 1225 3858 βουλεύοντα,
1241 3779 1310 3846 ὅταν
1324 3776 1371 3855 μὲν

290 3898 347 3981 ἕχρ
369 3897 455 3962 ἱκανα
477 3898 625 3977 χρήματα
648 3896 687 3967 εἷς
710 3894 857 3967 διοίκησιν,
881 3891 956 3957 οὐδὲν
978 3889 1192 3973 ἐξαμαρτάνει,
1210 3890 1278 3957 ὅταν
1298 3890 1322 3954 δ’
1336 3888 1370 3957 εἷς

290 4010 410 4089 οξτορίαν
430 4017 584 4089 καταστῇ,
605 4003 810 4086 ἀναγκάζεται
827 4002 1018 4080 εἷςαγνεαίας
1036 4003 1171 4085 δέχεσθαι
1187 4004 1236 4068 καὶ
1246 4000 1370 4080 δημεύειν

289 4119 330 4186 rol
358 4123 414 4184 τῶν
445 4122 569 4183 πολιτῶν
600 4115 648 4181 καὶ
680 4121 735 4180 τῶν
767 4114 883 4196 ῥητόρων
906 4120 962 4185 τοῖς
989 4114 1029 4178 τα
1054 4115 1235 4193 πονηρότατα
1257 4114 1365 4190 λέγουσι

288 4228 441 4295 πείθεσθαι.
489 4227 527 4292 In
558 4250 649 4292 causa
671 4226 814 4289 Eratonis
839 4226 907 4308 (17)
932 4245 983 4300 ea,
1008 4245 1086 4307 quae
1110 4206 1236 4309 publico
1262 4220 1367 4289 iudicio

288 4341 409 4406 fuerant
439 4340 633 4417 adiudicata,
666 4346 771 4425 postea
793 4359 900 4401 rursus
926 4334 1031 4399 eadem
1055 4338 1235 4402 auctoritate
1258 4331 1365 4400 abiudi-

288 4460 396 4518 cantur
425 4459 461 4515 ut
493 4451 607 4515 aerario
631 4448 749 4514 cedant.
795 4447 834 4512 In
857 4446 913 4509 hac
937 4446 1003 4530 ipsa
1026 4449 1163 4513 oratione
1186 4451 1203 4535 5
1228 4452 1285 4527 11,
1308 4467 1362 4526 χα-
